%YAML 1.1
%TAG !u! tag:unity3d.com,2011:
--- !u!1 &1787166482915921601
GameObject:
  m_ObjectHideFlags: 0
  m_CorrespondingSourceObject: {fileID: 0}
  m_PrefabInstance: {fileID: 0}
  m_PrefabAsset: {fileID: 0}
  serializedVersion: 6
  m_Component:
  - component: {fileID: 4134123915412775442}
  m_Layer: 0
  m_Name: emptyCheck
  m_TagString: Untagged
  m_Icon: {fileID: 0}
  m_NavMeshLayer: 0
  m_StaticEditorFlags: 0
  m_IsActive: 1
--- !u!4 &4134123915412775442
Transform:
  m_ObjectHideFlags: 0
  m_CorrespondingSourceObject: {fileID: 0}
  m_PrefabInstance: {fileID: 0}
  m_PrefabAsset: {fileID: 0}
  m_GameObject: {fileID: 1787166482915921601}
  m_LocalRotation: {x: -0, y: 0.7071068, z: -0, w: 0.70710677}
  m_LocalPosition: {x: -0.444, y: -0.009, z: -0.053}
  m_LocalScale: {x: 1, y: 1, z: 1}
  m_Children: []
  m_Father: {fileID: 4385401626749344622}
  m_RootOrder: 5
  m_LocalEulerAnglesHint: {x: 0, y: 0, z: 0}
--- !u!1 &2099643434026974109
GameObject:
  m_ObjectHideFlags: 0
  m_CorrespondingSourceObject: {fileID: 0}
  m_PrefabInstance: {fileID: 0}
  m_PrefabAsset: {fileID: 0}
  serializedVersion: 6
  m_Component:
  - component: {fileID: 5861104905483342815}
  m_Layer: 0
  m_Name: restrictedBound
  m_TagString: Untagged
  m_Icon: {fileID: 0}
  m_NavMeshLayer: 0
  m_StaticEditorFlags: 0
  m_IsActive: 1
--- !u!4 &5861104905483342815
Transform:
  m_ObjectHideFlags: 0
  m_CorrespondingSourceObject: {fileID: 0}
  m_PrefabInstance: {fileID: 0}
  m_PrefabAsset: {fileID: 0}
  m_GameObject: {fileID: 2099643434026974109}
  m_LocalRotation: {x: -0, y: 0.7071068, z: -0, w: 0.70710677}
  m_LocalPosition: {x: -0.245, y: 0.01, z: 0}
  m_LocalScale: {x: 0.425, y: 0.125, z: 0.125}
  m_Children: []
  m_Father: {fileID: 4385401626749344622}
  m_RootOrder: 6
  m_LocalEulerAnglesHint: {x: 0, y: 0, z: 0}
--- !u!1 &2449799755042744423
GameObject:
  m_ObjectHideFlags: 0
  m_CorrespondingSourceObject: {fileID: 0}
  m_PrefabInstance: {fileID: 0}
  m_PrefabAsset: {fileID: 0}
  serializedVersion: 6
  m_Component:
  - component: {fileID: 346519193911144015}
  m_Layer: 14
  m_Name: BeltRay
  m_TagString: Untagged
  m_Icon: {fileID: 0}
  m_NavMeshLayer: 0
  m_StaticEditorFlags: 0
  m_IsActive: 1
--- !u!4 &346519193911144015
Transform:
  m_ObjectHideFlags: 0
  m_CorrespondingSourceObject: {fileID: 0}
  m_PrefabInstance: {fileID: 0}
  m_PrefabAsset: {fileID: 0}
  m_GameObject: {fileID: 2449799755042744423}
  m_LocalRotation: {x: -0, y: -0.70710707, z: -0, w: 0.70710653}
  m_LocalPosition: {x: 0.014, y: 0.034999996, z: -0.05}
  m_LocalScale: {x: 1, y: 1, z: 1}
  m_Children: []
  m_Father: {fileID: 4385401626749344622}
  m_RootOrder: 11
  m_LocalEulerAnglesHint: {x: 0, y: -90.00001, z: 0}
--- !u!1 &4379635346892970827
GameObject:
  m_ObjectHideFlags: 0
  m_CorrespondingSourceObject: {fileID: 0}
  m_PrefabInstance: {fileID: 0}
  m_PrefabAsset: {fileID: 0}
  serializedVersion: 6
  m_Component:
  - component: {fileID: 7815064797436085340}
  - component: {fileID: 6439662620184817854}
  m_Layer: 14
  m_Name: GrafcetInterfaceDisposeOrderListener
  m_TagString: Untagged
  m_Icon: {fileID: 0}
  m_NavMeshLayer: 0
  m_StaticEditorFlags: 0
  m_IsActive: 1
--- !u!4 &7815064797436085340
Transform:
  m_ObjectHideFlags: 0
  m_CorrespondingSourceObject: {fileID: 0}
  m_PrefabInstance: {fileID: 0}
  m_PrefabAsset: {fileID: 0}
  m_GameObject: {fileID: 4379635346892970827}
  m_LocalRotation: {x: 0, y: 0, z: 0, w: 1}
  m_LocalPosition: {x: 0, y: 0, z: 0}
  m_LocalScale: {x: 1, y: 1, z: 1}
  m_Children: []
  m_Father: {fileID: 102727563081973962}
  m_RootOrder: 0
  m_LocalEulerAnglesHint: {x: 0, y: 0, z: 0}
--- !u!114 &6439662620184817854
MonoBehaviour:
  m_ObjectHideFlags: 0
  m_CorrespondingSourceObject: {fileID: 0}
  m_PrefabInstance: {fileID: 0}
  m_PrefabAsset: {fileID: 0}
  m_GameObject: {fileID: 4379635346892970827}
  m_Enabled: 1
  m_EditorHideFlags: 0
  m_Script: {fileID: 11500000, guid: d664993d73ea45018c65248a2fce5045, type: 3}
  m_Name: 
  m_EditorClassIdentifier: 
  scriptableEvent: {fileID: 11400000, guid: 529c404906847a54eaabd1c680e4ba56, type: 2}
  unityEvent:
    m_PersistentCalls:
      m_Calls:
      - m_Target: {fileID: 6148904133771987999}
        m_MethodName: RemoveControllerReference
        m_Mode: 1
        m_Arguments:
          m_ObjectArgument: {fileID: 0}
          m_ObjectArgumentAssemblyTypeName: UnityEngine.Object, UnityEngine
          m_IntArgument: 0
          m_FloatArgument: 0
          m_StringArgument: 
          m_BoolArgument: 0
        m_CallState: 2
    m_TypeName: UnityEngine.Events.UnityEvent, UnityEngine.CoreModule, Version=0.0.0.0,
      Culture=neutral, PublicKeyToken=null
--- !u!1 &4385401625971482037
GameObject:
  m_ObjectHideFlags: 0
  m_CorrespondingSourceObject: {fileID: 0}
  m_PrefabInstance: {fileID: 0}
  m_PrefabAsset: {fileID: 0}
  serializedVersion: 6
  m_Component:
  - component: {fileID: 4385401625971482038}
  - component: {fileID: 4385401625971482039}
  - component: {fileID: 4385401625971482032}
  m_Layer: 9
  m_Name: Trigger
  m_TagString: Untagged
  m_Icon: {fileID: 0}
  m_NavMeshLayer: 0
  m_StaticEditorFlags: 0
  m_IsActive: 0
--- !u!4 &4385401625971482038
Transform:
  m_ObjectHideFlags: 0
  m_CorrespondingSourceObject: {fileID: 0}
  m_PrefabInstance: {fileID: 0}
  m_PrefabAsset: {fileID: 0}
  m_GameObject: {fileID: 4385401625971482037}
  m_LocalRotation: {x: 0, y: 0, z: 0, w: 1}
  m_LocalPosition: {x: 0, y: 0, z: 0}
  m_LocalScale: {x: 1, y: 1, z: 1}
  m_Children: []
  m_Father: {fileID: 4385401626749344622}
  m_RootOrder: 1
  m_LocalEulerAnglesHint: {x: 0, y: 0, z: 0}
--- !u!65 &4385401625971482039
BoxCollider:
  m_ObjectHideFlags: 0
  m_CorrespondingSourceObject: {fileID: 0}
  m_PrefabInstance: {fileID: 0}
  m_PrefabAsset: {fileID: 0}
  m_GameObject: {fileID: 4385401625971482037}
  m_Material: {fileID: 0}
  m_IsTrigger: 1
  m_Enabled: 1
  serializedVersion: 2
  m_Size: {x: 0.41, y: 0.025, z: 0.1}
  m_Center: {x: -0.205, y: 0.025, z: -0.05}
--- !u!114 &4385401625971482032
MonoBehaviour:
  m_ObjectHideFlags: 0
  m_CorrespondingSourceObject: {fileID: 0}
  m_PrefabInstance: {fileID: 0}
  m_PrefabAsset: {fileID: 0}
  m_GameObject: {fileID: 4385401625971482037}
  m_Enabled: 1
  m_EditorHideFlags: 0
  m_Script: {fileID: 11500000, guid: 94ddf58a82b4d394db8bc0de25ea7a9f, type: 3}
  m_Name: 
  m_EditorClassIdentifier: 
  _name: 
  _tag: 
  _layer:
    serializedVersion: 2
    m_Bits: 1024
  _onColliderEnterEvent:
    m_PersistentCalls:
      m_Calls:
      - m_Target: {fileID: 4385401626749344623}
        m_MethodName: OnBeltEnter
        m_Mode: 0
        m_Arguments:
          m_ObjectArgument: {fileID: 0}
          m_ObjectArgumentAssemblyTypeName: UnityEngine.Object, UnityEngine
          m_IntArgument: 0
          m_FloatArgument: 0
          m_StringArgument: 
          m_BoolArgument: 0
        m_CallState: 2
    m_TypeName: Modular.ColliderEvent, Assembly-CSharp, Version=0.0.0.0, Culture=neutral,
      PublicKeyToken=null
  _onColliderStayEvent:
    m_PersistentCalls:
      m_Calls: []
    m_TypeName: Modular.ColliderEvent, Assembly-CSharp, Version=0.0.0.0, Culture=neutral,
      PublicKeyToken=null
  _onColliderExitEvent:
    m_PersistentCalls:
      m_Calls:
      - m_Target: {fileID: 4385401626749344623}
        m_MethodName: OnBeltExit
        m_Mode: 0
        m_Arguments:
          m_ObjectArgument: {fileID: 0}
          m_ObjectArgumentAssemblyTypeName: UnityEngine.Object, UnityEngine
          m_IntArgument: 0
          m_FloatArgument: 0
          m_StringArgument: 
          m_BoolArgument: 0
        m_CallState: 2
    m_TypeName: Modular.ColliderEvent, Assembly-CSharp, Version=0.0.0.0, Culture=neutral,
      PublicKeyToken=null
--- !u!1 &4385401626049616074
GameObject:
  m_ObjectHideFlags: 0
  m_CorrespondingSourceObject: {fileID: 0}
  m_PrefabInstance: {fileID: 0}
  m_PrefabAsset: {fileID: 0}
  serializedVersion: 6
  m_Component:
  - component: {fileID: 4385401626049616075}
  - component: {fileID: 4385401626049616116}
  - component: {fileID: 4385401626049616117}
  m_Layer: 0
  m_Name: Collider
  m_TagString: Untagged
  m_Icon: {fileID: 0}
  m_NavMeshLayer: 0
  m_StaticEditorFlags: 0
  m_IsActive: 1
--- !u!4 &4385401626049616075
Transform:
  m_ObjectHideFlags: 0
  m_CorrespondingSourceObject: {fileID: 0}
  m_PrefabInstance: {fileID: 0}
  m_PrefabAsset: {fileID: 0}
  m_GameObject: {fileID: 4385401626049616074}
  m_LocalRotation: {x: 0, y: 0, z: 0, w: 1}
  m_LocalPosition: {x: 0, y: 0, z: 0}
  m_LocalScale: {x: 1, y: 1, z: 1}
  m_Children: []
  m_Father: {fileID: 4385401626749344622}
  m_RootOrder: 0
  m_LocalEulerAnglesHint: {x: 0, y: 0, z: 0}
--- !u!65 &4385401626049616116
BoxCollider:
  m_ObjectHideFlags: 0
  m_CorrespondingSourceObject: {fileID: 0}
  m_PrefabInstance: {fileID: 0}
  m_PrefabAsset: {fileID: 0}
  m_GameObject: {fileID: 4385401626049616074}
  m_Material: {fileID: 0}
  m_IsTrigger: 0
  m_Enabled: 1
  serializedVersion: 2
  m_Size: {x: 0.41509786, y: 0.0125, z: 0.1}
  m_Center: {x: -0.19245107, y: 0.00625, z: -0.05}
--- !u!65 &4385401626049616117
BoxCollider:
  m_ObjectHideFlags: 0
  m_CorrespondingSourceObject: {fileID: 0}
  m_PrefabInstance: {fileID: 0}
  m_PrefabAsset: {fileID: 0}
  m_GameObject: {fileID: 4385401626049616074}
  m_Material: {fileID: 0}
  m_IsTrigger: 0
  m_Enabled: 0
  serializedVersion: 2
  m_Size: {x: 0.12, y: 0.12, z: 0.12}
  m_Center: {x: -0.04, y: 0.06, z: -0.05}
--- !u!1 &4385401626162163536
GameObject:
  m_ObjectHideFlags: 0
  m_CorrespondingSourceObject: {fileID: 0}
  m_PrefabInstance: {fileID: 0}
  m_PrefabAsset: {fileID: 0}
  serializedVersion: 6
  m_Component:
  - component: {fileID: 4385401626162163537}
  m_Layer: 0
  m_Name: Model
  m_TagString: Untagged
  m_Icon: {fileID: 0}
  m_NavMeshLayer: 0
  m_StaticEditorFlags: 0
  m_IsActive: 1
--- !u!4 &4385401626162163537
Transform:
  m_ObjectHideFlags: 0
  m_CorrespondingSourceObject: {fileID: 0}
  m_PrefabInstance: {fileID: 0}
  m_PrefabAsset: {fileID: 0}
  m_GameObject: {fileID: 4385401626162163536}
  m_LocalRotation: {x: 0, y: 0, z: 0, w: 1}
  m_LocalPosition: {x: 0, y: 0, z: 0}
  m_LocalScale: {x: 1, y: 1, z: 1}
  m_Children:
  - {fileID: 4328953909291608061}
  m_Father: {fileID: 4385401626749344622}
  m_RootOrder: 3
  m_LocalEulerAnglesHint: {x: 0, y: 0, z: 0}
--- !u!1 &4385401626222655881
GameObject:
  m_ObjectHideFlags: 0
  m_CorrespondingSourceObject: {fileID: 0}
  m_PrefabInstance: {fileID: 0}
  m_PrefabAsset: {fileID: 0}
  serializedVersion: 6
  m_Component:
  - component: {fileID: 4385401626222655882}
  m_Layer: 0
  m_Name: CubeSpawnPoint
  m_TagString: Untagged
  m_Icon: {fileID: 0}
  m_NavMeshLayer: 0
  m_StaticEditorFlags: 0
  m_IsActive: 1
--- !u!4 &4385401626222655882
Transform:
  m_ObjectHideFlags: 0
  m_CorrespondingSourceObject: {fileID: 0}
  m_PrefabInstance: {fileID: 0}
  m_PrefabAsset: {fileID: 0}
  m_GameObject: {fileID: 4385401626222655881}
  m_LocalRotation: {x: -0, y: -0, z: -0, w: 1}
  m_LocalPosition: {x: -0.03999996, y: 0.059999943, z: -0.05000019}
  m_LocalScale: {x: 1, y: 1, z: 1}
  m_Children: []
  m_Father: {fileID: 4385401626749344622}
  m_RootOrder: 2
  m_LocalEulerAnglesHint: {x: 0, y: 0, z: 0}
--- !u!1 &4385401626749344621
GameObject:
  m_ObjectHideFlags: 0
  m_CorrespondingSourceObject: {fileID: 0}
  m_PrefabInstance: {fileID: 0}
  m_PrefabAsset: {fileID: 0}
  serializedVersion: 6
  m_Component:
  - component: {fileID: 4385401626749344622}
  - component: {fileID: 4385401626749344623}
  - component: {fileID: 4385401626749344617}
  - component: {fileID: 3060450847194575367}
  - component: {fileID: 2845642000791889135}
  - component: {fileID: 1092294768067301361}
  - component: {fileID: 6148904133771987999}
  m_Layer: 14
  m_Name: BandaTransportadora
  m_TagString: Untagged
  m_Icon: {fileID: 0}
  m_NavMeshLayer: 0
  m_StaticEditorFlags: 0
  m_IsActive: 1
--- !u!4 &4385401626749344622
Transform:
  m_ObjectHideFlags: 0
  m_CorrespondingSourceObject: {fileID: 0}
  m_PrefabInstance: {fileID: 0}
  m_PrefabAsset: {fileID: 0}
  m_GameObject: {fileID: 4385401626749344621}
  m_LocalRotation: {x: -0, y: -0.7071068, z: -0, w: 0.70710677}
  m_LocalPosition: {x: -2.491, y: 0.161, z: -0.105}
  m_LocalScale: {x: 1, y: 1, z: 1}
  m_Children:
  - {fileID: 4385401626049616075}
  - {fileID: 4385401625971482038}
  - {fileID: 4385401626222655882}
  - {fileID: 4385401626162163537}
  - {fileID: 4385401626973454740}
  - {fileID: 4134123915412775442}
  - {fileID: 5861104905483342815}
  - {fileID: 7728064534981270600}
  - {fileID: 102727563081973962}
  - {fileID: 6213065573021389698}
  - {fileID: 5247313949763548300}
  - {fileID: 346519193911144015}
  - {fileID: 993771038905346822}
  m_Father: {fileID: 0}
  m_RootOrder: 0
  m_LocalEulerAnglesHint: {x: 0, y: 0, z: 0}
--- !u!114 &4385401626749344623
MonoBehaviour:
  m_ObjectHideFlags: 0
  m_CorrespondingSourceObject: {fileID: 0}
  m_PrefabInstance: {fileID: 0}
  m_PrefabAsset: {fileID: 0}
  m_GameObject: {fileID: 4385401626749344621}
  m_Enabled: 1
  m_EditorHideFlags: 0
  m_Script: {fileID: 11500000, guid: 3e01ae49d8a17df4880de956b6ef9556, type: 3}
  m_Name: 
  m_EditorClassIdentifier: 
  _cubeSpawnPosition: {fileID: 4385401626222655882}
  _beltSpeed: 0.1
  _beltDetection: 0
  _emptyBeltDelayExecute: 1
  _readyCubeCheck: {fileID: 4134123915412775442}
  _layerMask:
    serializedVersion: 2
    m_Bits: 4294967295
  _stopBandCall: 0
  _snapValue: 1
  _positionLocalTransform: {fileID: 0}
  _ledController: {fileID: 1211935724699773391}
  _beltRayForward: {fileID: 346519193911144015}
  _beltRayLength: 0.42
  _beltRayLayerMask:
    serializedVersion: 2
    m_Bits: 1024
  _beltRayFrameCall: 5
  _exitBeltRayTransform: {fileID: 5247313949763548300}
  _exitBeltRayRadius: 0.035
  _exitBeltLayerMask:
    serializedVersion: 2
    m_Bits: 1024
  _exitBeltFrameCall: 10
  _onActivate:
    m_PersistentCalls:
      m_Calls:
      - m_Target: {fileID: 2845642000791889135}
        m_MethodName: AnimateYBand
        m_Mode: 6
        m_Arguments:
          m_ObjectArgument: {fileID: 0}
          m_ObjectArgumentAssemblyTypeName: UnityEngine.Object, UnityEngine
          m_IntArgument: 0
          m_FloatArgument: 0
          m_StringArgument: 
          m_BoolArgument: 1
        m_CallState: 2
    m_TypeName: UnityEngine.Events.UnityEvent, UnityEngine.CoreModule, Version=0.0.0.0,
      Culture=neutral, PublicKeyToken=null
  _onDeactivate:
    m_PersistentCalls:
      m_Calls:
      - m_Target: {fileID: 2845642000791889135}
        m_MethodName: AnimateYBand
        m_Mode: 6
        m_Arguments:
          m_ObjectArgument: {fileID: 0}
          m_ObjectArgumentAssemblyTypeName: UnityEngine.Object, UnityEngine
          m_IntArgument: 0
          m_FloatArgument: 0
          m_StringArgument: 
          m_BoolArgument: 0
        m_CallState: 2
    m_TypeName: UnityEngine.Events.UnityEvent, UnityEngine.CoreModule, Version=0.0.0.0,
      Culture=neutral, PublicKeyToken=null
  _onEmptyBand:
    m_PersistentCalls:
      m_Calls:
      - m_Target: {fileID: 3060450847194575367}
        m_MethodName: Unpack
        m_Mode: 1
        m_Arguments:
          m_ObjectArgument: {fileID: 0}
          m_ObjectArgumentAssemblyTypeName: UnityEngine.Object, UnityEngine
          m_IntArgument: 0
          m_FloatArgument: 0
          m_StringArgument: 
          m_BoolArgument: 0
        m_CallState: 2
    m_TypeName: UnityEngine.Events.UnityEvent, UnityEngine.CoreModule, Version=0.0.0.0,
      Culture=neutral, PublicKeyToken=null
  _onBeltDectectedCubes:
    m_PersistentCalls:
      m_Calls:
      - m_Target: {fileID: 11400000, guid: e845a1f1ab0d32d4eb49a289c93bc381, type: 2}
        m_MethodName: ExecuteEvent
        m_Mode: 0
        m_Arguments:
          m_ObjectArgument: {fileID: 0}
          m_ObjectArgumentAssemblyTypeName: UnityEngine.Object, UnityEngine
          m_IntArgument: 0
          m_FloatArgument: 0
          m_StringArgument: 
          m_BoolArgument: 0
        m_CallState: 2
    m_TypeName: NSScriptableEvent.ScriptableEventCube+CubeEvent, Assembly-CSharp,
      Version=0.0.0.0, Culture=neutral, PublicKeyToken=null
  _drawDebug: 1
  _debugColor: {r: 1, g: 0, b: 0, a: 1}
--- !u!114 &4385401626749344617
MonoBehaviour:
  m_ObjectHideFlags: 0
  m_CorrespondingSourceObject: {fileID: 0}
  m_PrefabInstance: {fileID: 0}
  m_PrefabAsset: {fileID: 0}
  m_GameObject: {fileID: 4385401626749344621}
  m_Enabled: 1
  m_EditorHideFlags: 0
  m_Script: {fileID: 11500000, guid: 2870816167fa0e6459bd63f4eabee27e, type: 3}
  m_Name: 
  m_EditorClassIdentifier: 
  _onSensorCheck:
    m_PersistentCalls:
      m_Calls:
      - m_Target: {fileID: 11400000, guid: d7246ea7fdbb3434fa2c6f256d70173b, type: 2}
        m_MethodName: ExecuteEvent
        m_Mode: 0
        m_Arguments:
          m_ObjectArgument: {fileID: 0}
          m_ObjectArgumentAssemblyTypeName: UnityEngine.Object, UnityEngine
          m_IntArgument: 0
          m_FloatArgument: 0
          m_StringArgument: 
          m_BoolArgument: 0
        m_CallState: 2
      - m_Target: {fileID: 4385401626749344623}
        m_MethodName: set_BeltDetection
        m_Mode: 0
        m_Arguments:
          m_ObjectArgument: {fileID: 0}
          m_ObjectArgumentAssemblyTypeName: UnityEngine.Object, UnityEngine
          m_IntArgument: 0
          m_FloatArgument: 0
          m_StringArgument: 
          m_BoolArgument: 0
        m_CallState: 2
    m_TypeName: Modular.BoolEvent, Assembly-CSharp, Version=0.0.0.0, Culture=neutral,
      PublicKeyToken=null
  _onColorIDCheck:
    m_PersistentCalls:
      m_Calls:
      - m_Target: {fileID: 11400000, guid: d92429e124c05864692391e8de0ff253, type: 2}
        m_MethodName: ExecuteEvent
        m_Mode: 0
        m_Arguments:
          m_ObjectArgument: {fileID: 0}
          m_ObjectArgumentAssemblyTypeName: UnityEngine.Object, UnityEngine
          m_IntArgument: 0
          m_FloatArgument: 0
          m_StringArgument: 
          m_BoolArgument: 0
        m_CallState: 2
    m_TypeName: Modular.IntEvent, Assembly-CSharp, Version=0.0.0.0, Culture=neutral,
      PublicKeyToken=null
  _onSensorCubePass:
    m_PersistentCalls:
      m_Calls:
      - m_Target: {fileID: 11400000, guid: fbe131f841f71ba4690c0f5ea06e1932, type: 2}
        m_MethodName: ExecuteEvent
        m_Mode: 0
        m_Arguments:
          m_ObjectArgument: {fileID: 0}
          m_ObjectArgumentAssemblyTypeName: UnityEngine.Object, UnityEngine
          m_IntArgument: 0
          m_FloatArgument: 0
          m_StringArgument: 
          m_BoolArgument: 0
        m_CallState: 2
    m_TypeName: NSScriptableEvent.ScriptableEventCube+CubeEvent, Assembly-CSharp,
      Version=0.0.0.0, Culture=neutral, PublicKeyToken=null
  _sensorTransform: {fileID: 4385401626973454740}
  _checkRadius: 0.045
  _checkMinRadius: 0.0075
  _checkDistance: 0.1
  _exitCastFraction: 0.65
  _checkLayer:
    serializedVersion: 2
    m_Bits: 1024
  _checkEnumID: {fileID: 11400000, guid: 893fd6722bcb3fc46a0d0dc149ca1087, type: 2}
  _updateFrame: 0
  _drawDebug: 1
  _gizmosColor: {r: 1, g: 1, b: 1, a: 1}
--- !u!114 &3060450847194575367
MonoBehaviour:
  m_ObjectHideFlags: 0
  m_CorrespondingSourceObject: {fileID: 0}
  m_PrefabInstance: {fileID: 0}
  m_PrefabAsset: {fileID: 0}
  m_GameObject: {fileID: 4385401626749344621}
  m_Enabled: 1
  m_EditorHideFlags: 0
  m_Script: {fileID: 11500000, guid: d5e3e560078af314490ae042f42c58d9, type: 3}
  m_Name: 
  m_EditorClassIdentifier: 
  _spawnTransform: {fileID: 4385401626222655882}
  _onObjectUnpacked:
    m_PersistentCalls:
      m_Calls: []
    m_TypeName: Modular.TransformEvent, Assembly-CSharp, Version=0.0.0.0, Culture=neutral,
      PublicKeyToken=null
--- !u!114 &2845642000791889135
MonoBehaviour:
  m_ObjectHideFlags: 0
  m_CorrespondingSourceObject: {fileID: 0}
  m_PrefabInstance: {fileID: 0}
  m_PrefabAsset: {fileID: 0}
  m_GameObject: {fileID: 4385401626749344621}
  m_Enabled: 1
  m_EditorHideFlags: 0
  m_Script: {fileID: 11500000, guid: 731070dc1c36c354ca8a5ade7ce3f733, type: 3}
  m_Name: 
  m_EditorClassIdentifier: 
  materialObjective: {fileID: 2100000, guid: f8be780892199bb449d4a3c0c23a7cbd, type: 2}
  _targetRenderer: {fileID: 4328953909293376797}
  _materialIndex: 1
  animateAxisX: 0
  animationVelocityX: 0.06
  animateAxisY: 0
  animationVelocityY: 0.06
--- !u!114 &1092294768067301361
MonoBehaviour:
  m_ObjectHideFlags: 0
  m_CorrespondingSourceObject: {fileID: 0}
  m_PrefabInstance: {fileID: 0}
  m_PrefabAsset: {fileID: 0}
  m_GameObject: {fileID: 4385401626749344621}
  m_Enabled: 1
  m_EditorHideFlags: 0
  m_Script: {fileID: 11500000, guid: 68da8343874bf364d86f89764090b078, type: 3}
  m_Name: 
  m_EditorClassIdentifier: 
  _onSendAction:
    m_PersistentCalls:
      m_Calls:
      - m_Target: {fileID: 3060450847194575367}
        m_MethodName: Unpack
        m_Mode: 1
        m_Arguments:
          m_ObjectArgument: {fileID: 0}
          m_ObjectArgumentAssemblyTypeName: UnityEngine.Object, UnityEngine
          m_IntArgument: 0
          m_FloatArgument: 0
          m_StringArgument: 
          m_BoolArgument: 0
        m_CallState: 2
    m_TypeName: UnityEngine.Events.UnityEvent, UnityEngine.CoreModule, Version=0.0.0.0,
      Culture=neutral, PublicKeyToken=null
--- !u!114 &6148904133771987999
MonoBehaviour:
  m_ObjectHideFlags: 0
  m_CorrespondingSourceObject: {fileID: 0}
  m_PrefabInstance: {fileID: 0}
  m_PrefabAsset: {fileID: 0}
  m_GameObject: {fileID: 4385401626749344621}
  m_Enabled: 1
  m_EditorHideFlags: 0
  m_Script: {fileID: 11500000, guid: e831b5100b197984b8c9fd963f6b71df, type: 3}
  m_Name: 
  m_EditorClassIdentifier: 
  _onTransportBeltMotorStateChange:
    m_PersistentCalls:
      m_Calls:
      - m_Target: {fileID: 4385401626749344623}
        m_MethodName: TryStopCallSetOn
        m_Mode: 0
        m_Arguments:
          m_ObjectArgument: {fileID: 0}
          m_ObjectArgumentAssemblyTypeName: UnityEngine.Object, UnityEngine
          m_IntArgument: 0
          m_FloatArgument: 0
          m_StringArgument: 
          m_BoolArgument: 0
        m_CallState: 2
    m_TypeName: Modular.BoolEvent, Assembly-CSharp, Version=0.0.0.0, Culture=neutral,
      PublicKeyToken=null
--- !u!1 &4385401626973454699
GameObject:
  m_ObjectHideFlags: 0
  m_CorrespondingSourceObject: {fileID: 0}
  m_PrefabInstance: {fileID: 0}
  m_PrefabAsset: {fileID: 0}
  serializedVersion: 6
  m_Component:
  - component: {fileID: 4385401626973454740}
  m_Layer: 0
  m_Name: Sensor
  m_TagString: Untagged
  m_Icon: {fileID: 0}
  m_NavMeshLayer: 0
  m_StaticEditorFlags: 0
  m_IsActive: 1
--- !u!4 &4385401626973454740
Transform:
  m_ObjectHideFlags: 0
  m_CorrespondingSourceObject: {fileID: 0}
  m_PrefabInstance: {fileID: 0}
  m_PrefabAsset: {fileID: 0}
  m_GameObject: {fileID: 4385401626973454699}
  m_LocalRotation: {x: 0, y: 0, z: 0, w: 1}
  m_LocalPosition: {x: -0.3621, y: 0, z: -0.05}
  m_LocalScale: {x: 1, y: 1, z: 1}
  m_Children: []
  m_Father: {fileID: 4385401626749344622}
  m_RootOrder: 4
  m_LocalEulerAnglesHint: {x: 0, y: 0, z: 0}
--- !u!1 &4677881993262719854
GameObject:
  m_ObjectHideFlags: 0
  m_CorrespondingSourceObject: {fileID: 0}
  m_PrefabInstance: {fileID: 0}
  m_PrefabAsset: {fileID: 0}
  serializedVersion: 6
  m_Component:
  - component: {fileID: 993771038905346822}
  m_Layer: 0
  m_Name: RayDetectionReferencePoint
  m_TagString: Untagged
  m_Icon: {fileID: 0}
  m_NavMeshLayer: 0
  m_StaticEditorFlags: 0
  m_IsActive: 1
--- !u!4 &993771038905346822
Transform:
  m_ObjectHideFlags: 0
  m_CorrespondingSourceObject: {fileID: 0}
  m_PrefabInstance: {fileID: 0}
  m_PrefabAsset: {fileID: 0}
  m_GameObject: {fileID: 4677881993262719854}
  m_LocalRotation: {x: 0, y: 0, z: 0, w: 1}
  m_LocalPosition: {x: -0.3469, y: 0, z: -0.05}
  m_LocalScale: {x: 1, y: 1, z: 1}
  m_Children: []
  m_Father: {fileID: 4385401626749344622}
  m_RootOrder: 12
  m_LocalEulerAnglesHint: {x: 0, y: 0, z: 0}
--- !u!1 &4707124009274766723
GameObject:
  m_ObjectHideFlags: 0
  m_CorrespondingSourceObject: {fileID: 0}
  m_PrefabInstance: {fileID: 0}
  m_PrefabAsset: {fileID: 0}
  serializedVersion: 6
  m_Component:
  - component: {fileID: 7728064534981270600}
  - component: {fileID: 8452614872281979749}
  - component: {fileID: 8271115496039791100}
  m_Layer: 0
  m_Name: ColorIDCommunicator
  m_TagString: Untagged
  m_Icon: {fileID: 0}
  m_NavMeshLayer: 0
  m_StaticEditorFlags: 0
  m_IsActive: 1
--- !u!4 &7728064534981270600
Transform:
  m_ObjectHideFlags: 0
  m_CorrespondingSourceObject: {fileID: 0}
  m_PrefabInstance: {fileID: 0}
  m_PrefabAsset: {fileID: 0}
  m_GameObject: {fileID: 4707124009274766723}
  m_LocalRotation: {x: -0, y: 0.7071068, z: -0, w: 0.70710677}
  m_LocalPosition: {x: -0.1934874, y: 0.06502302, z: -0.049999923}
  m_LocalScale: {x: 1, y: 1, z: 1}
  m_Children: []
  m_Father: {fileID: 4385401626749344622}
  m_RootOrder: 7
  m_LocalEulerAnglesHint: {x: 0, y: 0, z: 0}
--- !u!114 &8452614872281979749
MonoBehaviour:
  m_ObjectHideFlags: 0
  m_CorrespondingSourceObject: {fileID: 0}
  m_PrefabInstance: {fileID: 0}
  m_PrefabAsset: {fileID: 0}
  m_GameObject: {fileID: 4707124009274766723}
  m_Enabled: 1
  m_EditorHideFlags: 0
  m_Script: {fileID: 11500000, guid: 29d20f006f50c744fac9ab8a357e28a7, type: 3}
  m_Name: 
  m_EditorClassIdentifier: 
  _scriptableEvent: {fileID: 11400000, guid: d92429e124c05864692391e8de0ff253, type: 2}
  _IntEvent:
    m_PersistentCalls:
      m_Calls:
      - m_Target: {fileID: 8271115496039791100}
        m_MethodName: Read
        m_Mode: 0
        m_Arguments:
          m_ObjectArgument: {fileID: 0}
          m_ObjectArgumentAssemblyTypeName: UnityEngine.Object, UnityEngine
          m_IntArgument: 0
          m_FloatArgument: 0
          m_StringArgument: 
          m_BoolArgument: 0
        m_CallState: 2
    m_TypeName: NSScriptableEvent.ScriptableEventInt+IntEvent, Assembly-CSharp, Version=0.0.0.0,
      Culture=neutral, PublicKeyToken=null
--- !u!114 &8271115496039791100
MonoBehaviour:
  m_ObjectHideFlags: 0
  m_CorrespondingSourceObject: {fileID: 0}
  m_PrefabInstance: {fileID: 0}
  m_PrefabAsset: {fileID: 0}
  m_GameObject: {fileID: 4707124009274766723}
  m_Enabled: 1
  m_EditorHideFlags: 0
  m_Script: {fileID: 11500000, guid: c1ac474c2e88ef046b24c340e2d4cdf1, type: 3}
  m_Name: 
  m_EditorClassIdentifier: 
  _arrayValue: {fileID: 11400000, guid: 28580ca98ea28964da2b45771d6c600e, type: 2}
  _onIndexReading:
    m_PersistentCalls:
      m_Calls:
      - m_Target: {fileID: 11400000, guid: 83d97d13e8a785940ae7bc4e2e9e4200, type: 2}
        m_MethodName: ExecuteEvent
        m_Mode: 0
        m_Arguments:
          m_ObjectArgument: {fileID: 0}
          m_ObjectArgumentAssemblyTypeName: UnityEngine.Object, UnityEngine
          m_IntArgument: 0
          m_FloatArgument: 0
          m_StringArgument: 
          m_BoolArgument: 0
        m_CallState: 2
    m_TypeName: NSScriptableEvent.ScriptableEventInt+IntEvent, Assembly-CSharp, Version=0.0.0.0,
      Culture=neutral, PublicKeyToken=null
  _indexOutOfBoundsEvent:
    m_PersistentCalls:
      m_Calls:
      - m_Target: {fileID: 11400000, guid: 71e0a902f4239454caf995f603e4126d, type: 2}
        m_MethodName: ExecuteEvent
        m_Mode: 1
        m_Arguments:
          m_ObjectArgument: {fileID: 0}
          m_ObjectArgumentAssemblyTypeName: UnityEngine.Object, UnityEngine
          m_IntArgument: 0
          m_FloatArgument: 0
          m_StringArgument: 
          m_BoolArgument: 0
        m_CallState: 2
    m_TypeName: NSScriptableEvent.ScriptableEventInt+IntEvent, Assembly-CSharp, Version=0.0.0.0,
      Culture=neutral, PublicKeyToken=null
--- !u!1 &5742907948691129207
GameObject:
  m_ObjectHideFlags: 0
  m_CorrespondingSourceObject: {fileID: 0}
  m_PrefabInstance: {fileID: 0}
  m_PrefabAsset: {fileID: 0}
  serializedVersion: 6
  m_Component:
  - component: {fileID: 4384168208550272986}
  - component: {fileID: 4187164570850651377}
  - component: {fileID: 2089546245995007671}
  m_Layer: 9
  m_Name: model
  m_TagString: Untagged
  m_Icon: {fileID: 0}
  m_NavMeshLayer: 0
  m_StaticEditorFlags: 0
  m_IsActive: 1
--- !u!4 &4384168208550272986
Transform:
  m_ObjectHideFlags: 0
  m_CorrespondingSourceObject: {fileID: 0}
  m_PrefabInstance: {fileID: 0}
  m_PrefabAsset: {fileID: 0}
  m_GameObject: {fileID: 5742907948691129207}
  m_LocalRotation: {x: 0, y: 0, z: 0, w: 1}
  m_LocalPosition: {x: 0, y: 0, z: 0}
  m_LocalScale: {x: 1, y: 1, z: 1}
  m_Children: []
  m_Father: {fileID: 6213065573021389698}
  m_RootOrder: 0
  m_LocalEulerAnglesHint: {x: 0, y: 0, z: 0}
--- !u!33 &4187164570850651377
MeshFilter:
  m_ObjectHideFlags: 0
  m_CorrespondingSourceObject: {fileID: 0}
  m_PrefabInstance: {fileID: 0}
  m_PrefabAsset: {fileID: 0}
  m_GameObject: {fileID: 5742907948691129207}
  m_Mesh: {fileID: 4300002, guid: 4f6d3a61cc6d72449ad1587a56863d21, type: 3}
--- !u!23 &2089546245995007671
MeshRenderer:
  m_ObjectHideFlags: 0
  m_CorrespondingSourceObject: {fileID: 0}
  m_PrefabInstance: {fileID: 0}
  m_PrefabAsset: {fileID: 0}
  m_GameObject: {fileID: 5742907948691129207}
  m_Enabled: 1
  m_CastShadows: 1
  m_ReceiveShadows: 1
  m_DynamicOccludee: 1
  m_MotionVectors: 1
  m_LightProbeUsage: 1
  m_ReflectionProbeUsage: 1
  m_RenderingLayerMask: 1
  m_RendererPriority: 0
  m_Materials:
  - {fileID: 2100000, guid: a1f0675559e4b2744b5063dc27cc2aed, type: 2}
  m_StaticBatchInfo:
    firstSubMesh: 0
    subMeshCount: 0
  m_StaticBatchRoot: {fileID: 0}
  m_ProbeAnchor: {fileID: 0}
  m_LightProbeVolumeOverride: {fileID: 0}
  m_ScaleInLightmap: 1
  m_PreserveUVs: 0
  m_IgnoreNormalsForChartDetection: 0
  m_ImportantGI: 0
  m_StitchLightmapSeams: 0
  m_SelectedEditorRenderState: 3
  m_MinimumChartSize: 4
  m_AutoUVMaxDistance: 0.5
  m_AutoUVMaxAngle: 89
  m_LightmapParameters: {fileID: 0}
  m_SortingLayerID: 0
  m_SortingLayer: 0
  m_SortingOrder: 0
--- !u!1 &6660748393359934695
GameObject:
  m_ObjectHideFlags: 0
  m_CorrespondingSourceObject: {fileID: 0}
  m_PrefabInstance: {fileID: 0}
  m_PrefabAsset: {fileID: 0}
  serializedVersion: 6
  m_Component:
  - component: {fileID: 6213065573021389698}
  - component: {fileID: 1211935724699773391}
  m_Layer: 9
  m_Name: LEDBandaTransportadora
  m_TagString: Untagged
  m_Icon: {fileID: 0}
  m_NavMeshLayer: 0
  m_StaticEditorFlags: 0
  m_IsActive: 1
--- !u!4 &6213065573021389698
Transform:
  m_ObjectHideFlags: 0
  m_CorrespondingSourceObject: {fileID: 0}
  m_PrefabInstance: {fileID: 0}
  m_PrefabAsset: {fileID: 0}
  m_GameObject: {fileID: 6660748393359934695}
  m_LocalRotation: {x: 0, y: 0, z: 0, w: 1}
  m_LocalPosition: {x: -0.0498, y: 0.1299, z: -0.0496}
  m_LocalScale: {x: 1.5, y: 1.5, z: 1.5}
  m_Children:
  - {fileID: 4384168208550272986}
  m_Father: {fileID: 4385401626749344622}
  m_RootOrder: 9
  m_LocalEulerAnglesHint: {x: 0, y: 0, z: 0}
--- !u!114 &1211935724699773391
MonoBehaviour:
  m_ObjectHideFlags: 0
  m_CorrespondingSourceObject: {fileID: 0}
  m_PrefabInstance: {fileID: 0}
  m_PrefabAsset: {fileID: 0}
  m_GameObject: {fileID: 6660748393359934695}
  m_Enabled: 1
  m_EditorHideFlags: 0
  m_Script: {fileID: 11500000, guid: eeb3c0f359ebbdb439ee15694a96b85b, type: 3}
  m_Name: 
  m_EditorClassIdentifier: 
  _ledMesh: {fileID: 2089546245995007671}
  _ledColor: {r: 1, g: 1, b: 1, a: 1}
  _activeColor: {r: 0, g: 1, b: 0, a: 1}
  _busyColor: {r: 1, g: 0.92156863, b: 0.015686275, a: 1}
  _inactiveColor: {r: 1, g: 0, b: 0, a: 1}
--- !u!1 &7013862947529165253
GameObject:
  m_ObjectHideFlags: 0
  m_CorrespondingSourceObject: {fileID: 0}
  m_PrefabInstance: {fileID: 0}
  m_PrefabAsset: {fileID: 0}
  serializedVersion: 6
  m_Component:
  - component: {fileID: 6901933030173441191}
  - component: {fileID: 2293776855291734312}
  m_Layer: 14
  m_Name: GrafcetInterfaceCreateListener
  m_TagString: Untagged
  m_Icon: {fileID: 0}
  m_NavMeshLayer: 0
  m_StaticEditorFlags: 0
  m_IsActive: 1
--- !u!4 &6901933030173441191
Transform:
  m_ObjectHideFlags: 0
  m_CorrespondingSourceObject: {fileID: 0}
  m_PrefabInstance: {fileID: 0}
  m_PrefabAsset: {fileID: 0}
  m_GameObject: {fileID: 7013862947529165253}
  m_LocalRotation: {x: 0, y: 0, z: 0, w: 1}
  m_LocalPosition: {x: 0, y: 0, z: 0}
  m_LocalScale: {x: 1, y: 1, z: 1}
  m_Children: []
  m_Father: {fileID: 102727563081973962}
  m_RootOrder: 1
  m_LocalEulerAnglesHint: {x: 0, y: 0, z: 0}
--- !u!114 &2293776855291734312
MonoBehaviour:
  m_ObjectHideFlags: 0
  m_CorrespondingSourceObject: {fileID: 0}
  m_PrefabInstance: {fileID: 0}
  m_PrefabAsset: {fileID: 0}
  m_GameObject: {fileID: 7013862947529165253}
  m_Enabled: 1
  m_EditorHideFlags: 0
  m_Script: {fileID: 11500000, guid: bb9bb7ba5f3325c49ba3383761c66ce6, type: 3}
  m_Name: 
  m_EditorClassIdentifier: 
  _scriptableEvent: {fileID: 11400000, guid: ac3858f3412ef8443b52b31d88cca9d9, type: 2}
  _grafcetOutputInterfaceEvent:
    m_PersistentCalls:
      m_Calls:
      - m_Target: {fileID: 6148904133771987999}
        m_MethodName: set_GrafcetOutput
        m_Mode: 0
        m_Arguments:
          m_ObjectArgument: {fileID: 0}
          m_ObjectArgumentAssemblyTypeName: UnityEngine.Object, UnityEngine
          m_IntArgument: 0
          m_FloatArgument: 0
          m_StringArgument: 
          m_BoolArgument: 0
        m_CallState: 2
    m_TypeName: NSScriptableEvent.ScriptableEventGrafcetOutputInterface+GrafcetOutputInterfaceEvent,
      Assembly-CSharp, Version=0.0.0.0, Culture=neutral, PublicKeyToken=null
--- !u!1 &7088332361432753322
GameObject:
  m_ObjectHideFlags: 0
  m_CorrespondingSourceObject: {fileID: 0}
  m_PrefabInstance: {fileID: 0}
  m_PrefabAsset: {fileID: 0}
  serializedVersion: 6
  m_Component:
  - component: {fileID: 102727563081973962}
  m_Layer: 14
  m_Name: LocalEventListener
  m_TagString: Untagged
  m_Icon: {fileID: 0}
  m_NavMeshLayer: 0
  m_StaticEditorFlags: 0
  m_IsActive: 1
--- !u!4 &102727563081973962
Transform:
  m_ObjectHideFlags: 0
  m_CorrespondingSourceObject: {fileID: 0}
  m_PrefabInstance: {fileID: 0}
  m_PrefabAsset: {fileID: 0}
  m_GameObject: {fileID: 7088332361432753322}
  m_LocalRotation: {x: 0, y: 0, z: 0, w: 1}
  m_LocalPosition: {x: 0, y: 0, z: 0}
  m_LocalScale: {x: 1, y: 1, z: 1}
  m_Children:
  - {fileID: 7815064797436085340}
  - {fileID: 6901933030173441191}
  m_Father: {fileID: 4385401626749344622}
  m_RootOrder: 8
  m_LocalEulerAnglesHint: {x: 0, y: 0, z: 0}
--- !u!1 &7406211128407022029
GameObject:
  m_ObjectHideFlags: 0
  m_CorrespondingSourceObject: {fileID: 0}
  m_PrefabInstance: {fileID: 0}
  m_PrefabAsset: {fileID: 0}
  serializedVersion: 6
  m_Component:
  - component: {fileID: 5247313949763548300}
  m_Layer: 14
  m_Name: ExitBeltRayPosition
  m_TagString: Untagged
  m_Icon: {fileID: 0}
  m_NavMeshLayer: 0
  m_StaticEditorFlags: 0
  m_IsActive: 1
--- !u!4 &5247313949763548300
Transform:
  m_ObjectHideFlags: 0
  m_CorrespondingSourceObject: {fileID: 0}
  m_PrefabInstance: {fileID: 0}
  m_PrefabAsset: {fileID: 0}
  m_GameObject: {fileID: 7406211128407022029}
  m_LocalRotation: {x: 0, y: 0, z: 0, w: 1}
  m_LocalPosition: {x: -0.489, y: 0, z: -0.051}
  m_LocalScale: {x: 1, y: 1, z: 1}
  m_Children: []
  m_Father: {fileID: 4385401626749344622}
  m_RootOrder: 10
  m_LocalEulerAnglesHint: {x: 0, y: 0, z: 0}
--- !u!1001 &4328953909291482493
PrefabInstance:
  m_ObjectHideFlags: 0
  serializedVersion: 2
  m_Modification:
    m_TransformParent: {fileID: 4385401626162163537}
    m_Modifications:
    - target: {fileID: 100000, guid: 8e6e9ce5b450eab42b9ed2608e2609e6, type: 3}
      propertyPath: m_Name
      value: BandaTransportadora
      objectReference: {fileID: 0}
    - target: {fileID: 400000, guid: 8e6e9ce5b450eab42b9ed2608e2609e6, type: 3}
      propertyPath: m_LocalPosition.x
      value: -0.047
      objectReference: {fileID: 0}
    - target: {fileID: 400000, guid: 8e6e9ce5b450eab42b9ed2608e2609e6, type: 3}
      propertyPath: m_LocalPosition.y
      value: 0
      objectReference: {fileID: 0}
    - target: {fileID: 400000, guid: 8e6e9ce5b450eab42b9ed2608e2609e6, type: 3}
      propertyPath: m_LocalPosition.z
      value: -0.05
      objectReference: {fileID: 0}
    - target: {fileID: 400000, guid: 8e6e9ce5b450eab42b9ed2608e2609e6, type: 3}
      propertyPath: m_LocalRotation.x
      value: 0
      objectReference: {fileID: 0}
    - target: {fileID: 400000, guid: 8e6e9ce5b450eab42b9ed2608e2609e6, type: 3}
      propertyPath: m_LocalRotation.y
      value: -0.7071068
      objectReference: {fileID: 0}
    - target: {fileID: 400000, guid: 8e6e9ce5b450eab42b9ed2608e2609e6, type: 3}
      propertyPath: m_LocalRotation.z
      value: 0
      objectReference: {fileID: 0}
    - target: {fileID: 400000, guid: 8e6e9ce5b450eab42b9ed2608e2609e6, type: 3}
      propertyPath: m_LocalRotation.w
      value: 0.7071068
      objectReference: {fileID: 0}
    - target: {fileID: 400000, guid: 8e6e9ce5b450eab42b9ed2608e2609e6, type: 3}
      propertyPath: m_RootOrder
      value: 0
      objectReference: {fileID: 0}
    - target: {fileID: 400000, guid: 8e6e9ce5b450eab42b9ed2608e2609e6, type: 3}
      propertyPath: m_LocalEulerAnglesHint.x
      value: 0
      objectReference: {fileID: 0}
    - target: {fileID: 400000, guid: 8e6e9ce5b450eab42b9ed2608e2609e6, type: 3}
      propertyPath: m_LocalEulerAnglesHint.y
      value: -90
      objectReference: {fileID: 0}
    - target: {fileID: 400000, guid: 8e6e9ce5b450eab42b9ed2608e2609e6, type: 3}
      propertyPath: m_LocalEulerAnglesHint.z
      value: 0
      objectReference: {fileID: 0}
    m_RemovedComponents: []
  m_SourcePrefab: {fileID: 100100000, guid: 8e6e9ce5b450eab42b9ed2608e2609e6, type: 3}
--- !u!23 &4328953909293376797 stripped
MeshRenderer:
  m_CorrespondingSourceObject: {fileID: 2300000, guid: 8e6e9ce5b450eab42b9ed2608e2609e6,
    type: 3}
  m_PrefabInstance: {fileID: 4328953909291482493}
  m_PrefabAsset: {fileID: 0}
--- !u!4 &4328953909291608061 stripped
Transform:
  m_CorrespondingSourceObject: {fileID: 400000, guid: 8e6e9ce5b450eab42b9ed2608e2609e6,
    type: 3}
  m_PrefabInstance: {fileID: 4328953909291482493}
  m_PrefabAsset: {fileID: 0}
