%YAML 1.1
%TAG !u! tag:unity3d.com,2011:
--- !u!1 &5964255032162084161
GameObject:
  m_ObjectHideFlags: 0
  m_CorrespondingSourceObject: {fileID: 0}
  m_PrefabInstance: {fileID: 0}
  m_PrefabAsset: {fileID: 0}
  serializedVersion: 6
  m_Component:
  - component: {fileID: 7298664447119226125}
  - component: {fileID: 7894912869886521024}
  - component: {fileID: 4605844382272257998}
  m_Layer: 5
  m_Name: PanelVentanaRegresar
  m_TagString: Untagged
  m_Icon: {fileID: 0}
  m_NavMeshLayer: 0
  m_StaticEditorFlags: 0
  m_IsActive: 1
--- !u!224 &7298664447119226125
RectTransform:
  m_ObjectHideFlags: 0
  m_CorrespondingSourceObject: {fileID: 0}
  m_PrefabInstance: {fileID: 0}
  m_PrefabAsset: {fileID: 0}
  m_GameObject: {fileID: 5964255032162084161}
  m_LocalRotation: {x: 0, y: 0, z: 0, w: 1}
  m_LocalPosition: {x: 0, y: 0, z: 0}
  m_LocalScale: {x: 1, y: 1, z: 1}
  m_Children:
  - {fileID: 8249731858152344656}
  - {fileID: 6109953188960049764}
  - {fileID: 5180141625289715464}
  - {fileID: 8097138999709302602}
  m_Father: {fileID: 0}
  m_RootOrder: 0
  m_LocalEulerAnglesHint: {x: 0, y: 0, z: 0}
  m_AnchorMin: {x: 0.5, y: 0.5}
  m_AnchorMax: {x: 0.5, y: 0.5}
  m_AnchoredPosition: {x: 15, y: 4}
  m_SizeDelta: {x: 1258, y: 489}
  m_Pivot: {x: 0.5, y: 0.5}
--- !u!222 &7894912869886521024
CanvasRenderer:
  m_ObjectHideFlags: 0
  m_CorrespondingSourceObject: {fileID: 0}
  m_PrefabInstance: {fileID: 0}
  m_PrefabAsset: {fileID: 0}
  m_GameObject: {fileID: 5964255032162084161}
  m_CullTransparentMesh: 0
--- !u!114 &4605844382272257998
MonoBehaviour:
  m_ObjectHideFlags: 0
  m_CorrespondingSourceObject: {fileID: 0}
  m_PrefabInstance: {fileID: 0}
  m_PrefabAsset: {fileID: 0}
  m_GameObject: {fileID: 5964255032162084161}
  m_Enabled: 1
  m_EditorHideFlags: 0
  m_Script: {fileID: -765806418, guid: f70555f144d8491a825f0804e09c671c, type: 3}
  m_Name: 
  m_EditorClassIdentifier: 
  m_Material: {fileID: 0}
  m_Color: {r: 1, g: 1, b: 1, a: 1}
  m_RaycastTarget: 1
  m_OnCullStateChanged:
    m_PersistentCalls:
      m_Calls: []
    m_TypeName: UnityEngine.UI.MaskableGraphic+CullStateChangedEvent, UnityEngine.UI,
      Version=1.0.0.0, Culture=neutral, PublicKeyToken=null
  m_Sprite: {fileID: 21300032, guid: 6e643a6b265ae954db59a34b0c3754b4, type: 3}
  m_Type: 1
  m_PreserveAspect: 0
  m_FillCenter: 1
  m_FillMethod: 4
  m_FillAmount: 1
  m_FillClockwise: 1
  m_FillOrigin: 0
  m_UseSpriteMesh: 0
--- !u!1001 &2230869991150226086
PrefabInstance:
  m_ObjectHideFlags: 0
  serializedVersion: 2
  m_Modification:
    m_TransformParent: {fileID: 7298664447119226125}
    m_Modifications:
    - target: {fileID: 7904753494986838526, guid: e367f04d310338a41877915eb82cf3c6,
        type: 3}
      propertyPath: m_Name
      value: BotonCancelar
      objectReference: {fileID: 0}
    - target: {fileID: 7904753494986838526, guid: e367f04d310338a41877915eb82cf3c6,
        type: 3}
      propertyPath: m_IsActive
      value: 1
      objectReference: {fileID: 0}
    - target: {fileID: 7974596667547907564, guid: e367f04d310338a41877915eb82cf3c6,
        type: 3}
      propertyPath: m_LocalPosition.x
      value: 0
      objectReference: {fileID: 0}
    - target: {fileID: 7974596667547907564, guid: e367f04d310338a41877915eb82cf3c6,
        type: 3}
      propertyPath: m_LocalPosition.y
      value: 0
      objectReference: {fileID: 0}
    - target: {fileID: 7974596667547907564, guid: e367f04d310338a41877915eb82cf3c6,
        type: 3}
      propertyPath: m_LocalPosition.z
      value: 0
      objectReference: {fileID: 0}
    - target: {fileID: 7974596667547907564, guid: e367f04d310338a41877915eb82cf3c6,
        type: 3}
      propertyPath: m_LocalRotation.x
      value: 0
      objectReference: {fileID: 0}
    - target: {fileID: 7974596667547907564, guid: e367f04d310338a41877915eb82cf3c6,
        type: 3}
      propertyPath: m_LocalRotation.y
      value: 0
      objectReference: {fileID: 0}
    - target: {fileID: 7974596667547907564, guid: e367f04d310338a41877915eb82cf3c6,
        type: 3}
      propertyPath: m_LocalRotation.z
      value: 0
      objectReference: {fileID: 0}
    - target: {fileID: 7974596667547907564, guid: e367f04d310338a41877915eb82cf3c6,
        type: 3}
      propertyPath: m_LocalRotation.w
      value: 1
      objectReference: {fileID: 0}
    - target: {fileID: 7974596667547907564, guid: e367f04d310338a41877915eb82cf3c6,
        type: 3}
      propertyPath: m_RootOrder
      value: 3
      objectReference: {fileID: 0}
    - target: {fileID: 7974596667547907564, guid: e367f04d310338a41877915eb82cf3c6,
        type: 3}
      propertyPath: m_LocalEulerAnglesHint.x
      value: 0
      objectReference: {fileID: 0}
    - target: {fileID: 7974596667547907564, guid: e367f04d310338a41877915eb82cf3c6,
        type: 3}
      propertyPath: m_LocalEulerAnglesHint.y
      value: 0
      objectReference: {fileID: 0}
    - target: {fileID: 7974596667547907564, guid: e367f04d310338a41877915eb82cf3c6,
        type: 3}
      propertyPath: m_LocalEulerAnglesHint.z
      value: 0
      objectReference: {fileID: 0}
    - target: {fileID: 7974596667547907564, guid: e367f04d310338a41877915eb82cf3c6,
        type: 3}
      propertyPath: m_AnchoredPosition.x
      value: 218.5
      objectReference: {fileID: 0}
    - target: {fileID: 7974596667547907564, guid: e367f04d310338a41877915eb82cf3c6,
        type: 3}
      propertyPath: m_AnchoredPosition.y
      value: -239.5
      objectReference: {fileID: 0}
    - target: {fileID: 7974596667547907564, guid: e367f04d310338a41877915eb82cf3c6,
        type: 3}
      propertyPath: m_SizeDelta.x
      value: -988
      objectReference: {fileID: 0}
    - target: {fileID: 7974596667547907564, guid: e367f04d310338a41877915eb82cf3c6,
        type: 3}
      propertyPath: m_SizeDelta.y
      value: -389
      objectReference: {fileID: 0}
    - target: {fileID: 7974596667547907564, guid: e367f04d310338a41877915eb82cf3c6,
        type: 3}
      propertyPath: m_AnchorMin.x
      value: 0
      objectReference: {fileID: 0}
    - target: {fileID: 7974596667547907564, guid: e367f04d310338a41877915eb82cf3c6,
        type: 3}
      propertyPath: m_AnchorMin.y
      value: 0
      objectReference: {fileID: 0}
    - target: {fileID: 7974596667547907564, guid: e367f04d310338a41877915eb82cf3c6,
        type: 3}
      propertyPath: m_AnchorMax.x
      value: 1
      objectReference: {fileID: 0}
    - target: {fileID: 7974596667547907564, guid: e367f04d310338a41877915eb82cf3c6,
        type: 3}
      propertyPath: m_AnchorMax.y
      value: 1
      objectReference: {fileID: 0}
    - target: {fileID: 7974596667547907564, guid: e367f04d310338a41877915eb82cf3c6,
        type: 3}
      propertyPath: m_Pivot.x
      value: 0.5
      objectReference: {fileID: 0}
    - target: {fileID: 7974596667547907564, guid: e367f04d310338a41877915eb82cf3c6,
        type: 3}
      propertyPath: m_Pivot.y
      value: 0.5
      objectReference: {fileID: 0}
    - target: {fileID: 7904720677958686682, guid: e367f04d310338a41877915eb82cf3c6,
        type: 3}
      propertyPath: m_Name
      value: TextCancelar
      objectReference: {fileID: 0}
    - target: {fileID: 7162916589246232468, guid: e367f04d310338a41877915eb82cf3c6,
        type: 3}
      propertyPath: m_textInfo.characterCount
      value: 8
      objectReference: {fileID: 0}
    - target: {fileID: 7162916589246232468, guid: e367f04d310338a41877915eb82cf3c6,
        type: 3}
      propertyPath: m_textInfo.wordCount
      value: 1
      objectReference: {fileID: 0}
    - target: {fileID: 7162916589246232468, guid: e367f04d310338a41877915eb82cf3c6,
        type: 3}
      propertyPath: m_textInfo.lineCount
      value: 1
      objectReference: {fileID: 0}
    - target: {fileID: 7162916589246232468, guid: e367f04d310338a41877915eb82cf3c6,
        type: 3}
      propertyPath: m_textInfo.pageCount
      value: 1
      objectReference: {fileID: 0}
    - target: {fileID: 7162916589246232468, guid: e367f04d310338a41877915eb82cf3c6,
        type: 3}
      propertyPath: m_text
      value: CANCELAR
      objectReference: {fileID: 0}
    - target: {fileID: 7162916589246232468, guid: e367f04d310338a41877915eb82cf3c6,
        type: 3}
      propertyPath: m_textInfo.spaceCount
      value: 0
      objectReference: {fileID: 0}
    m_RemovedComponents: []
  m_SourcePrefab: {fileID: 100100000, guid: e367f04d310338a41877915eb82cf3c6, type: 3}
--- !u!224 &8097138999709302602 stripped
RectTransform:
  m_CorrespondingSourceObject: {fileID: 7974596667547907564, guid: e367f04d310338a41877915eb82cf3c6,
    type: 3}
  m_PrefabInstance: {fileID: 2230869991150226086}
  m_PrefabAsset: {fileID: 0}
--- !u!1001 &2589836254594549367
PrefabInstance:
  m_ObjectHideFlags: 0
  serializedVersion: 2
  m_Modification:
    m_TransformParent: {fileID: 7298664447119226125}
    m_Modifications:
    - target: {fileID: 5950498107782074715, guid: 160f93505d357b94f8f8d93252f785b7,
        type: 3}
      propertyPath: m_Name
      value: HeaderWindowWithText
      objectReference: {fileID: 0}
    - target: {fileID: 5876103708440103463, guid: 160f93505d357b94f8f8d93252f785b7,
        type: 3}
      propertyPath: m_LocalPosition.x
      value: 0
      objectReference: {fileID: 0}
    - target: {fileID: 5876103708440103463, guid: 160f93505d357b94f8f8d93252f785b7,
        type: 3}
      propertyPath: m_LocalPosition.y
      value: 0
      objectReference: {fileID: 0}
    - target: {fileID: 5876103708440103463, guid: 160f93505d357b94f8f8d93252f785b7,
        type: 3}
      propertyPath: m_LocalPosition.z
      value: 0
      objectReference: {fileID: 0}
    - target: {fileID: 5876103708440103463, guid: 160f93505d357b94f8f8d93252f785b7,
        type: 3}
      propertyPath: m_LocalRotation.x
      value: 0
      objectReference: {fileID: 0}
    - target: {fileID: 5876103708440103463, guid: 160f93505d357b94f8f8d93252f785b7,
        type: 3}
      propertyPath: m_LocalRotation.y
      value: 0
      objectReference: {fileID: 0}
    - target: {fileID: 5876103708440103463, guid: 160f93505d357b94f8f8d93252f785b7,
        type: 3}
      propertyPath: m_LocalRotation.z
      value: 0
      objectReference: {fileID: 0}
    - target: {fileID: 5876103708440103463, guid: 160f93505d357b94f8f8d93252f785b7,
        type: 3}
      propertyPath: m_LocalRotation.w
      value: 1
      objectReference: {fileID: 0}
    - target: {fileID: 5876103708440103463, guid: 160f93505d357b94f8f8d93252f785b7,
        type: 3}
      propertyPath: m_RootOrder
      value: 0
      objectReference: {fileID: 0}
    - target: {fileID: 5876103708440103463, guid: 160f93505d357b94f8f8d93252f785b7,
        type: 3}
      propertyPath: m_LocalEulerAnglesHint.x
      value: 0
      objectReference: {fileID: 0}
    - target: {fileID: 5876103708440103463, guid: 160f93505d357b94f8f8d93252f785b7,
        type: 3}
      propertyPath: m_LocalEulerAnglesHint.y
      value: 0
      objectReference: {fileID: 0}
    - target: {fileID: 5876103708440103463, guid: 160f93505d357b94f8f8d93252f785b7,
        type: 3}
      propertyPath: m_LocalEulerAnglesHint.z
      value: 0
      objectReference: {fileID: 0}
    - target: {fileID: 5876103708440103463, guid: 160f93505d357b94f8f8d93252f785b7,
        type: 3}
      propertyPath: m_AnchoredPosition.x
      value: 0
      objectReference: {fileID: 0}
    - target: {fileID: 5876103708440103463, guid: 160f93505d357b94f8f8d93252f785b7,
        type: 3}
      propertyPath: m_AnchoredPosition.y
      value: 0
      objectReference: {fileID: 0}
    - target: {fileID: 5876103708440103463, guid: 160f93505d357b94f8f8d93252f785b7,
        type: 3}
      propertyPath: m_SizeDelta.x
      value: 0
      objectReference: {fileID: 0}
    - target: {fileID: 5876103708440103463, guid: 160f93505d357b94f8f8d93252f785b7,
        type: 3}
      propertyPath: m_SizeDelta.y
      value: 114
      objectReference: {fileID: 0}
    - target: {fileID: 5876103708440103463, guid: 160f93505d357b94f8f8d93252f785b7,
        type: 3}
      propertyPath: m_AnchorMin.x
      value: -0.03
      objectReference: {fileID: 0}
    - target: {fileID: 5876103708440103463, guid: 160f93505d357b94f8f8d93252f785b7,
        type: 3}
      propertyPath: m_AnchorMin.y
      value: 0.98
      objectReference: {fileID: 0}
    - target: {fileID: 5876103708440103463, guid: 160f93505d357b94f8f8d93252f785b7,
        type: 3}
      propertyPath: m_AnchorMax.x
      value: 0.91
      objectReference: {fileID: 0}
    - target: {fileID: 5876103708440103463, guid: 160f93505d357b94f8f8d93252f785b7,
        type: 3}
      propertyPath: m_AnchorMax.y
      value: 0.98
      objectReference: {fileID: 0}
    - target: {fileID: 5876103708440103463, guid: 160f93505d357b94f8f8d93252f785b7,
        type: 3}
      propertyPath: m_Pivot.x
      value: 0.5
      objectReference: {fileID: 0}
    - target: {fileID: 5876103708440103463, guid: 160f93505d357b94f8f8d93252f785b7,
        type: 3}
      propertyPath: m_Pivot.y
      value: 0.5
      objectReference: {fileID: 0}
    - target: {fileID: 5875698455382567607, guid: 160f93505d357b94f8f8d93252f785b7,
        type: 3}
      propertyPath: m_SizeDelta.x
      value: 0
      objectReference: {fileID: 0}
    - target: {fileID: 5950685038396704707, guid: 160f93505d357b94f8f8d93252f785b7,
        type: 3}
      propertyPath: m_Name
      value: TextTituloRegresar
      objectReference: {fileID: 0}
    - target: {fileID: 656959486078548542, guid: 160f93505d357b94f8f8d93252f785b7,
        type: 3}
      propertyPath: m_textInfo.characterCount
      value: 21
      objectReference: {fileID: 0}
    - target: {fileID: 656959486078548542, guid: 160f93505d357b94f8f8d93252f785b7,
        type: 3}
      propertyPath: m_textInfo.spaceCount
      value: 2
      objectReference: {fileID: 0}
    - target: {fileID: 656959486078548542, guid: 160f93505d357b94f8f8d93252f785b7,
        type: 3}
      propertyPath: m_textInfo.wordCount
      value: 3
      objectReference: {fileID: 0}
    - target: {fileID: 656959486078548542, guid: 160f93505d357b94f8f8d93252f785b7,
        type: 3}
      propertyPath: m_textInfo.lineCount
      value: 1
      objectReference: {fileID: 0}
    - target: {fileID: 656959486078548542, guid: 160f93505d357b94f8f8d93252f785b7,
        type: 3}
      propertyPath: m_textInfo.pageCount
      value: 1
      objectReference: {fileID: 0}
    m_RemovedComponents: []
  m_SourcePrefab: {fileID: 100100000, guid: 160f93505d357b94f8f8d93252f785b7, type: 3}
--- !u!224 &8249731858152344656 stripped
RectTransform:
  m_CorrespondingSourceObject: {fileID: 5876103708440103463, guid: 160f93505d357b94f8f8d93252f785b7,
    type: 3}
  m_PrefabInstance: {fileID: 2589836254594549367}
  m_PrefabAsset: {fileID: 0}
--- !u!1001 &2974902664412748516
PrefabInstance:
  m_ObjectHideFlags: 0
  serializedVersion: 2
  m_Modification:
    m_TransformParent: {fileID: 7298664447119226125}
    m_Modifications:
    - target: {fileID: 7904753494986838526, guid: e367f04d310338a41877915eb82cf3c6,
        type: 3}
      propertyPath: m_Name
      value: BotonAceptar
      objectReference: {fileID: 0}
    - target: {fileID: 7904753494986838526, guid: e367f04d310338a41877915eb82cf3c6,
        type: 3}
      propertyPath: m_IsActive
      value: 1
      objectReference: {fileID: 0}
    - target: {fileID: 7974596667547907564, guid: e367f04d310338a41877915eb82cf3c6,
        type: 3}
      propertyPath: m_LocalPosition.x
      value: 0
      objectReference: {fileID: 0}
    - target: {fileID: 7974596667547907564, guid: e367f04d310338a41877915eb82cf3c6,
        type: 3}
      propertyPath: m_LocalPosition.y
      value: 0
      objectReference: {fileID: 0}
    - target: {fileID: 7974596667547907564, guid: e367f04d310338a41877915eb82cf3c6,
        type: 3}
      propertyPath: m_LocalPosition.z
      value: 0
      objectReference: {fileID: 0}
    - target: {fileID: 7974596667547907564, guid: e367f04d310338a41877915eb82cf3c6,
        type: 3}
      propertyPath: m_LocalRotation.x
      value: 0
      objectReference: {fileID: 0}
    - target: {fileID: 7974596667547907564, guid: e367f04d310338a41877915eb82cf3c6,
        type: 3}
      propertyPath: m_LocalRotation.y
      value: 0
      objectReference: {fileID: 0}
    - target: {fileID: 7974596667547907564, guid: e367f04d310338a41877915eb82cf3c6,
        type: 3}
      propertyPath: m_LocalRotation.z
      value: 0
      objectReference: {fileID: 0}
    - target: {fileID: 7974596667547907564, guid: e367f04d310338a41877915eb82cf3c6,
        type: 3}
      propertyPath: m_LocalRotation.w
      value: 1
      objectReference: {fileID: 0}
    - target: {fileID: 7974596667547907564, guid: e367f04d310338a41877915eb82cf3c6,
        type: 3}
      propertyPath: m_RootOrder
      value: 2
      objectReference: {fileID: 0}
    - target: {fileID: 7974596667547907564, guid: e367f04d310338a41877915eb82cf3c6,
        type: 3}
      propertyPath: m_LocalEulerAnglesHint.x
      value: 0
      objectReference: {fileID: 0}
    - target: {fileID: 7974596667547907564, guid: e367f04d310338a41877915eb82cf3c6,
        type: 3}
      propertyPath: m_LocalEulerAnglesHint.y
      value: 0
      objectReference: {fileID: 0}
    - target: {fileID: 7974596667547907564, guid: e367f04d310338a41877915eb82cf3c6,
        type: 3}
      propertyPath: m_LocalEulerAnglesHint.z
      value: 0
      objectReference: {fileID: 0}
    - target: {fileID: 7974596667547907564, guid: e367f04d310338a41877915eb82cf3c6,
        type: 3}
      propertyPath: m_AnchoredPosition.x
      value: -218
      objectReference: {fileID: 0}
    - target: {fileID: 7974596667547907564, guid: e367f04d310338a41877915eb82cf3c6,
        type: 3}
      propertyPath: m_AnchoredPosition.y
      value: -239.5
      objectReference: {fileID: 0}
    - target: {fileID: 7974596667547907564, guid: e367f04d310338a41877915eb82cf3c6,
        type: 3}
      propertyPath: m_SizeDelta.x
      value: -988
      objectReference: {fileID: 0}
    - target: {fileID: 7974596667547907564, guid: e367f04d310338a41877915eb82cf3c6,
        type: 3}
      propertyPath: m_SizeDelta.y
      value: -389
      objectReference: {fileID: 0}
    - target: {fileID: 7974596667547907564, guid: e367f04d310338a41877915eb82cf3c6,
        type: 3}
      propertyPath: m_AnchorMin.x
      value: 0
      objectReference: {fileID: 0}
    - target: {fileID: 7974596667547907564, guid: e367f04d310338a41877915eb82cf3c6,
        type: 3}
      propertyPath: m_AnchorMin.y
      value: 0
      objectReference: {fileID: 0}
    - target: {fileID: 7974596667547907564, guid: e367f04d310338a41877915eb82cf3c6,
        type: 3}
      propertyPath: m_AnchorMax.x
      value: 1
      objectReference: {fileID: 0}
    - target: {fileID: 7974596667547907564, guid: e367f04d310338a41877915eb82cf3c6,
        type: 3}
      propertyPath: m_AnchorMax.y
      value: 1
      objectReference: {fileID: 0}
    - target: {fileID: 7974596667547907564, guid: e367f04d310338a41877915eb82cf3c6,
        type: 3}
      propertyPath: m_Pivot.x
      value: 0.5
      objectReference: {fileID: 0}
    - target: {fileID: 7974596667547907564, guid: e367f04d310338a41877915eb82cf3c6,
        type: 3}
      propertyPath: m_Pivot.y
      value: 0.5
      objectReference: {fileID: 0}
    - target: {fileID: 7904720677958686682, guid: e367f04d310338a41877915eb82cf3c6,
        type: 3}
      propertyPath: m_Name
      value: TextAceptar
      objectReference: {fileID: 0}
    - target: {fileID: 7162916589246232468, guid: e367f04d310338a41877915eb82cf3c6,
        type: 3}
      propertyPath: m_textInfo.characterCount
      value: 8
      objectReference: {fileID: 0}
    - target: {fileID: 7162916589246232468, guid: e367f04d310338a41877915eb82cf3c6,
        type: 3}
      propertyPath: m_textInfo.wordCount
      value: 1
      objectReference: {fileID: 0}
    - target: {fileID: 7162916589246232468, guid: e367f04d310338a41877915eb82cf3c6,
        type: 3}
      propertyPath: m_textInfo.lineCount
      value: 1
      objectReference: {fileID: 0}
    - target: {fileID: 7162916589246232468, guid: e367f04d310338a41877915eb82cf3c6,
        type: 3}
      propertyPath: m_textInfo.pageCount
      value: 1
      objectReference: {fileID: 0}
    - target: {fileID: 7162916589246232468, guid: e367f04d310338a41877915eb82cf3c6,
        type: 3}
      propertyPath: m_text
      value: 'ACEPTAR

'
      objectReference: {fileID: 0}
    - target: {fileID: 7162916589246232468, guid: e367f04d310338a41877915eb82cf3c6,
        type: 3}
      propertyPath: m_textInfo.spaceCount
      value: 1
      objectReference: {fileID: 0}
    m_RemovedComponents: []
  m_SourcePrefab: {fileID: 100100000, guid: e367f04d310338a41877915eb82cf3c6, type: 3}
--- !u!224 &5180141625289715464 stripped
RectTransform:
  m_CorrespondingSourceObject: {fileID: 7974596667547907564, guid: e367f04d310338a41877915eb82cf3c6,
    type: 3}
  m_PrefabInstance: {fileID: 2974902664412748516}
  m_PrefabAsset: {fileID: 0}
--- !u!1001 &8455603582574402085
PrefabInstance:
  m_ObjectHideFlags: 0
  serializedVersion: 2
  m_Modification:
    m_TransformParent: {fileID: 7298664447119226125}
    m_Modifications:
    - target: {fileID: 5679829336038935945, guid: 937a901c2371fb34ba6a0fa0db2fc8e4,
        type: 3}
      propertyPath: m_Name
      value: ImageBackgroundTextWithTitle
      objectReference: {fileID: 0}
    - target: {fileID: 2419203367560839233, guid: 937a901c2371fb34ba6a0fa0db2fc8e4,
        type: 3}
      propertyPath: m_LocalPosition.x
      value: 0
      objectReference: {fileID: 0}
    - target: {fileID: 2419203367560839233, guid: 937a901c2371fb34ba6a0fa0db2fc8e4,
        type: 3}
      propertyPath: m_LocalPosition.y
      value: 0
      objectReference: {fileID: 0}
    - target: {fileID: 2419203367560839233, guid: 937a901c2371fb34ba6a0fa0db2fc8e4,
        type: 3}
      propertyPath: m_LocalPosition.z
      value: 0
      objectReference: {fileID: 0}
    - target: {fileID: 2419203367560839233, guid: 937a901c2371fb34ba6a0fa0db2fc8e4,
        type: 3}
      propertyPath: m_LocalRotation.x
      value: -0
      objectReference: {fileID: 0}
    - target: {fileID: 2419203367560839233, guid: 937a901c2371fb34ba6a0fa0db2fc8e4,
        type: 3}
      propertyPath: m_LocalRotation.y
      value: -0
      objectReference: {fileID: 0}
    - target: {fileID: 2419203367560839233, guid: 937a901c2371fb34ba6a0fa0db2fc8e4,
        type: 3}
      propertyPath: m_LocalRotation.z
      value: -0
      objectReference: {fileID: 0}
    - target: {fileID: 2419203367560839233, guid: 937a901c2371fb34ba6a0fa0db2fc8e4,
        type: 3}
      propertyPath: m_LocalRotation.w
      value: 1
      objectReference: {fileID: 0}
    - target: {fileID: 2419203367560839233, guid: 937a901c2371fb34ba6a0fa0db2fc8e4,
        type: 3}
      propertyPath: m_RootOrder
      value: 1
      objectReference: {fileID: 0}
    - target: {fileID: 2419203367560839233, guid: 937a901c2371fb34ba6a0fa0db2fc8e4,
        type: 3}
      propertyPath: m_LocalEulerAnglesHint.x
      value: 0
      objectReference: {fileID: 0}
    - target: {fileID: 2419203367560839233, guid: 937a901c2371fb34ba6a0fa0db2fc8e4,
        type: 3}
      propertyPath: m_LocalEulerAnglesHint.y
      value: 0
      objectReference: {fileID: 0}
    - target: {fileID: 2419203367560839233, guid: 937a901c2371fb34ba6a0fa0db2fc8e4,
        type: 3}
      propertyPath: m_LocalEulerAnglesHint.z
      value: 0
      objectReference: {fileID: 0}
    - target: {fileID: 2419203367560839233, guid: 937a901c2371fb34ba6a0fa0db2fc8e4,
        type: 3}
      propertyPath: m_AnchoredPosition.x
      value: -4.5
      objectReference: {fileID: 0}
    - target: {fileID: 2419203367560839233, guid: 937a901c2371fb34ba6a0fa0db2fc8e4,
        type: 3}
      propertyPath: m_AnchoredPosition.y
      value: 10
      objectReference: {fileID: 0}
    - target: {fileID: 2419203367560839233, guid: 937a901c2371fb34ba6a0fa0db2fc8e4,
        type: 3}
      propertyPath: m_SizeDelta.x
      value: 2.9999998
      objectReference: {fileID: 0}
    - target: {fileID: 2419203367560839233, guid: 937a901c2371fb34ba6a0fa0db2fc8e4,
        type: 3}
      propertyPath: m_SizeDelta.y
      value: -20
      objectReference: {fileID: 0}
    - target: {fileID: 2419203367560839233, guid: 937a901c2371fb34ba6a0fa0db2fc8e4,
        type: 3}
      propertyPath: m_AnchorMin.x
      value: 0.05
      objectReference: {fileID: 0}
    - target: {fileID: 2419203367560839233, guid: 937a901c2371fb34ba6a0fa0db2fc8e4,
        type: 3}
      propertyPath: m_AnchorMin.y
      value: 0.1
      objectReference: {fileID: 0}
    - target: {fileID: 2419203367560839233, guid: 937a901c2371fb34ba6a0fa0db2fc8e4,
        type: 3}
      propertyPath: m_AnchorMax.x
      value: 0.95
      objectReference: {fileID: 0}
    - target: {fileID: 2419203367560839233, guid: 937a901c2371fb34ba6a0fa0db2fc8e4,
        type: 3}
      propertyPath: m_AnchorMax.y
      value: 0.85
      objectReference: {fileID: 0}
    - target: {fileID: 2419203367560839233, guid: 937a901c2371fb34ba6a0fa0db2fc8e4,
        type: 3}
      propertyPath: m_Pivot.x
      value: 0.5
      objectReference: {fileID: 0}
    - target: {fileID: 2419203367560839233, guid: 937a901c2371fb34ba6a0fa0db2fc8e4,
        type: 3}
      propertyPath: m_Pivot.y
      value: 0.5
      objectReference: {fileID: 0}
    - target: {fileID: 3924656636750752481, guid: 937a901c2371fb34ba6a0fa0db2fc8e4,
        type: 3}
      propertyPath: m_AnchorMax.x
      value: 0
      objectReference: {fileID: 0}
    - target: {fileID: 3924656636750752481, guid: 937a901c2371fb34ba6a0fa0db2fc8e4,
        type: 3}
      propertyPath: m_AnchorMax.y
      value: 0
      objectReference: {fileID: 0}
    - target: {fileID: 3924656636750752481, guid: 937a901c2371fb34ba6a0fa0db2fc8e4,
        type: 3}
      propertyPath: m_SizeDelta.x
      value: 0
      objectReference: {fileID: 0}
    - target: {fileID: 1883163107415342479, guid: 937a901c2371fb34ba6a0fa0db2fc8e4,
        type: 3}
      propertyPath: m_AnchoredPosition.y
      value: -5
      objectReference: {fileID: 0}
    - target: {fileID: 4925522607723937599, guid: 937a901c2371fb34ba6a0fa0db2fc8e4,
        type: 3}
      propertyPath: m_SizeDelta.y
      value: 0
      objectReference: {fileID: 0}
    - target: {fileID: 4925522607723937599, guid: 937a901c2371fb34ba6a0fa0db2fc8e4,
        type: 3}
      propertyPath: m_AnchoredPosition.y
      value: -2.4389997e-11
      objectReference: {fileID: 0}
    - target: {fileID: 8988202929111555167, guid: 937a901c2371fb34ba6a0fa0db2fc8e4,
        type: 3}
      propertyPath: m_AnchoredPosition.x
      value: 562.6
      objectReference: {fileID: 0}
    - target: {fileID: 8988202929111555167, guid: 937a901c2371fb34ba6a0fa0db2fc8e4,
        type: 3}
      propertyPath: m_SizeDelta.x
      value: 1025.2
      objectReference: {fileID: 0}
    - target: {fileID: 8988202929111555167, guid: 937a901c2371fb34ba6a0fa0db2fc8e4,
        type: 3}
      propertyPath: m_AnchorMin.y
      value: 1
      objectReference: {fileID: 0}
    - target: {fileID: 8988202929111555167, guid: 937a901c2371fb34ba6a0fa0db2fc8e4,
        type: 3}
      propertyPath: m_AnchorMax.y
      value: 1
      objectReference: {fileID: 0}
    - target: {fileID: 8988202929111555167, guid: 937a901c2371fb34ba6a0fa0db2fc8e4,
        type: 3}
      propertyPath: m_AnchoredPosition.y
      value: -30
      objectReference: {fileID: 0}
    - target: {fileID: 8988202929111555167, guid: 937a901c2371fb34ba6a0fa0db2fc8e4,
        type: 3}
      propertyPath: m_SizeDelta.y
      value: 41.34
      objectReference: {fileID: 0}
    - target: {fileID: 5003901836943469679, guid: 937a901c2371fb34ba6a0fa0db2fc8e4,
        type: 3}
      propertyPath: m_AnchorMax.x
      value: 0
      objectReference: {fileID: 0}
    - target: {fileID: 5003901836943469679, guid: 937a901c2371fb34ba6a0fa0db2fc8e4,
        type: 3}
      propertyPath: m_AnchorMax.y
      value: 0
      objectReference: {fileID: 0}
    - target: {fileID: 5003901836943469679, guid: 937a901c2371fb34ba6a0fa0db2fc8e4,
        type: 3}
      propertyPath: m_AnchorMin.y
      value: 0
      objectReference: {fileID: 0}
    - target: {fileID: 6214202092696340679, guid: 937a901c2371fb34ba6a0fa0db2fc8e4,
        type: 3}
      propertyPath: m_Value
      value: 0.99999934
      objectReference: {fileID: 0}
    - target: {fileID: 6214202092696340679, guid: 937a901c2371fb34ba6a0fa0db2fc8e4,
        type: 3}
      propertyPath: m_Size
      value: 0.87836415
      objectReference: {fileID: 0}
    - target: {fileID: 6056000940858886360, guid: 937a901c2371fb34ba6a0fa0db2fc8e4,
        type: 3}
      propertyPath: m_AnchorMin.y
      value: 0
      objectReference: {fileID: 0}
    - target: {fileID: 6056000940858886360, guid: 937a901c2371fb34ba6a0fa0db2fc8e4,
        type: 3}
      propertyPath: m_AnchorMax.y
      value: 0
      objectReference: {fileID: 0}
    - target: {fileID: 6056000940858886360, guid: 937a901c2371fb34ba6a0fa0db2fc8e4,
        type: 3}
      propertyPath: m_AnchoredPosition.y
      value: 0
      objectReference: {fileID: 0}
    - target: {fileID: 6056000940858886360, guid: 937a901c2371fb34ba6a0fa0db2fc8e4,
        type: 3}
      propertyPath: m_SizeDelta.y
      value: 0
      objectReference: {fileID: 0}
    - target: {fileID: 9198127530815882141, guid: 937a901c2371fb34ba6a0fa0db2fc8e4,
        type: 3}
      propertyPath: m_IsActive
      value: 0
      objectReference: {fileID: 0}
    - target: {fileID: 9184134858404983825, guid: 937a901c2371fb34ba6a0fa0db2fc8e4,
        type: 3}
      propertyPath: m_textInfo.characterCount
      value: 640
      objectReference: {fileID: 0}
    - target: {fileID: 9184134858404983825, guid: 937a901c2371fb34ba6a0fa0db2fc8e4,
        type: 3}
      propertyPath: m_textInfo.wordCount
      value: 1
      objectReference: {fileID: 0}
    - target: {fileID: 9184134858404983825, guid: 937a901c2371fb34ba6a0fa0db2fc8e4,
        type: 3}
      propertyPath: m_textInfo.lineCount
      value: 9
      objectReference: {fileID: 0}
    - target: {fileID: 9184134858404983825, guid: 937a901c2371fb34ba6a0fa0db2fc8e4,
        type: 3}
      propertyPath: m_textInfo.pageCount
      value: 1
      objectReference: {fileID: 0}
    - target: {fileID: 9184134858404983825, guid: 937a901c2371fb34ba6a0fa0db2fc8e4,
        type: 3}
      propertyPath: m_textAlignment
      value: 520
      objectReference: {fileID: 0}
    - target: {fileID: 9184134858404983825, guid: 937a901c2371fb34ba6a0fa0db2fc8e4,
        type: 3}
      propertyPath: m_text
      value: sajdlkasjdkljsadlkjaslkdjaskldsasajdlkasjdkljsadlkjaslkdjaskldsasajdlkasjdkljsadlkjaslkdjaskldsasajdlkasjdkljsadlkjaslkdjaskldsasajdlkasjdkljsadlkjaslkdjaskldsasajdlkasjdkljsadlkjaslkdjaskldsasajdlkasjdkljsadlkjaslkdjaskldsasajdlkasjdkljsadlkjaslkdjaskldsasajdlkasjdkljsadlkjaslkdjaskldsasajdlkasjdkljsadlkjaslkdjaskldsasajdlkasjdkljsadlkjaslkdjaskldsasajdlkasjdkljsadlkjaslkdjaskldsasajdlkasjdkljsadlkjaslkdjaskldsasajdlkasjdkljsadlkjaslkdjaskldsasajdlkasjdkljsadlkjaslkdjaskldsasajdlkasjdkljsadlkjaslkdjaskldsasajdlkasjdkljsadlkjaslkdjaskldsasajdlkasjdkljsadlkjaslkdjaskldsasajdlkasjdkljsadlkjaslkdjaskldsasajdlkasjdkljsadlkjaslkdjaskldsa
      objectReference: {fileID: 0}
    - target: {fileID: 4032962288815009141, guid: 937a901c2371fb34ba6a0fa0db2fc8e4,
        type: 3}
      propertyPath: m_textInfo.characterCount
      value: 0
      objectReference: {fileID: 0}
    - target: {fileID: 4032962288815009141, guid: 937a901c2371fb34ba6a0fa0db2fc8e4,
        type: 3}
      propertyPath: m_textInfo.wordCount
      value: 0
      objectReference: {fileID: 0}
    - target: {fileID: 4032962288815009141, guid: 937a901c2371fb34ba6a0fa0db2fc8e4,
        type: 3}
      propertyPath: m_textInfo.lineCount
      value: 0
      objectReference: {fileID: 0}
    - target: {fileID: 4032962288815009141, guid: 937a901c2371fb34ba6a0fa0db2fc8e4,
        type: 3}
      propertyPath: m_textInfo.pageCount
      value: 0
      objectReference: {fileID: 0}
    m_RemovedComponents: []
  m_SourcePrefab: {fileID: 100100000, guid: 937a901c2371fb34ba6a0fa0db2fc8e4, type: 3}
--- !u!224 &6109953188960049764 stripped
RectTransform:
  m_CorrespondingSourceObject: {fileID: 2419203367560839233, guid: 937a901c2371fb34ba6a0fa0db2fc8e4,
    type: 3}
  m_PrefabInstance: {fileID: 8455603582574402085}
  m_PrefabAsset: {fileID: 0}
