%YAML 1.1
%TAG !u! tag:unity3d.com,2011:
--- !u!1 &187001939094507290
GameObject:
  m_ObjectHideFlags: 0
  m_CorrespondingSourceObject: {fileID: 0}
  m_PrefabInstance: {fileID: 0}
  m_PrefabAsset: {fileID: 0}
  serializedVersion: 6
  m_Component:
  - component: {fileID: 7233305252269614607}
  m_Layer: 11
  m_Name: adjustedMin
  m_TagString: Untagged
  m_Icon: {fileID: 0}
  m_NavMeshLayer: 0
  m_StaticEditorFlags: 0
  m_IsActive: 1
--- !u!4 &7233305252269614607
Transform:
  m_ObjectHideFlags: 0
  m_CorrespondingSourceObject: {fileID: 0}
  m_PrefabInstance: {fileID: 0}
  m_PrefabAsset: {fileID: 0}
  m_GameObject: {fileID: 187001939094507290}
  m_LocalRotation: {x: -0, y: -1, z: -0, w: 0.0000002682209}
  m_LocalPosition: {x: -0.6997874, y: 0, z: 0.7933941}
  m_LocalScale: {x: 1, y: 1, z: 1}
  m_Children: []
  m_Father: {fileID: 4166138622346636215}
  m_RootOrder: 2
  m_LocalEulerAnglesHint: {x: 0, y: 0, z: 0}
--- !u!1 &3939078785263066584
GameObject:
  m_ObjectHideFlags: 0
  m_CorrespondingSourceObject: {fileID: 0}
  m_PrefabInstance: {fileID: 0}
  m_PrefabAsset: {fileID: 0}
  serializedVersion: 6
  m_Component:
  - component: {fileID: 7399118501462585703}
  m_Layer: 0
  m_Name: FreeDragLimits
  m_TagString: Untagged
  m_Icon: {fileID: 0}
  m_NavMeshLayer: 0
  m_StaticEditorFlags: 0
  m_IsActive: 1
--- !u!4 &7399118501462585703
Transform:
  m_ObjectHideFlags: 0
  m_CorrespondingSourceObject: {fileID: 0}
  m_PrefabInstance: {fileID: 0}
  m_PrefabAsset: {fileID: 0}
  m_GameObject: {fileID: 3939078785263066584}
  m_LocalRotation: {x: 0, y: 0, z: 0, w: 1}
  m_LocalPosition: {x: 0, y: 0, z: 0}
  m_LocalScale: {x: 1, y: 1, z: 1}
  m_Children:
  - {fileID: 2988206593733987281}
  - {fileID: 5298649841827200790}
  m_Father: {fileID: 4166138622346636215}
  m_RootOrder: 3
  m_LocalEulerAnglesHint: {x: 0, y: 0, z: 0}
--- !u!114 &8644156602487280394
MonoBehaviour:
  m_ObjectHideFlags: 0
  m_CorrespondingSourceObject: {fileID: 0}
  m_PrefabInstance: {fileID: 0}
  m_PrefabAsset: {fileID: 0}
  m_GameObject: {fileID: 3114388440761764424}
  m_Enabled: 1
  m_EditorHideFlags: 0
  m_Script: {fileID: 11500000, guid: 5af13aaef6f11984192014aa10a3197e, type: 3}
  m_Name: 
  m_EditorClassIdentifier: 
  _camera: {fileID: 0}
  _dragMove: {fileID: 0}
  _planeHeightReference: {fileID: 0}
  _maxLimit: {fileID: 0}
  _minLimit: {fileID: 0}
  _checkDraggableLayer:
    serializedVersion: 2
    m_Bits: 4294967295
--- !u!1 &5703649854167676019
GameObject:
  m_ObjectHideFlags: 0
  m_CorrespondingSourceObject: {fileID: 0}
  m_PrefabInstance: {fileID: 0}
  m_PrefabAsset: {fileID: 0}
  serializedVersion: 6
  m_Component:
  - component: {fileID: 2988206593733987281}
  m_Layer: 0
  m_Name: Min
  m_TagString: Untagged
  m_Icon: {fileID: 0}
  m_NavMeshLayer: 0
  m_StaticEditorFlags: 0
  m_IsActive: 1
--- !u!4 &2988206593733987281
Transform:
  m_ObjectHideFlags: 0
  m_CorrespondingSourceObject: {fileID: 0}
  m_PrefabInstance: {fileID: 0}
  m_PrefabAsset: {fileID: 0}
  m_GameObject: {fileID: 5703649854167676019}
  m_LocalRotation: {x: 0, y: 0, z: 0, w: 1}
  m_LocalPosition: {x: -1, y: -1, z: -1}
  m_LocalScale: {x: 1, y: 1, z: 1}
  m_Children: []
  m_Father: {fileID: 7399118501462585703}
  m_RootOrder: 0
  m_LocalEulerAnglesHint: {x: 0, y: 0, z: 0}
--- !u!1 &7122226909691819878
GameObject:
  m_ObjectHideFlags: 0
  m_CorrespondingSourceObject: {fileID: 0}
  m_PrefabInstance: {fileID: 0}
  m_PrefabAsset: {fileID: 0}
  serializedVersion: 6
  m_Component:
  - component: {fileID: 5298649841827200790}
  m_Layer: 0
  m_Name: Max
  m_TagString: Untagged
  m_Icon: {fileID: 0}
  m_NavMeshLayer: 0
  m_StaticEditorFlags: 0
  m_IsActive: 1
--- !u!4 &5298649841827200790
Transform:
  m_ObjectHideFlags: 0
  m_CorrespondingSourceObject: {fileID: 0}
  m_PrefabInstance: {fileID: 0}
  m_PrefabAsset: {fileID: 0}
  m_GameObject: {fileID: 7122226909691819878}
  m_LocalRotation: {x: 0, y: 0, z: 0, w: 1}
  m_LocalPosition: {x: 1, y: 1, z: 1}
  m_LocalScale: {x: 1, y: 1, z: 1}
  m_Children: []
  m_Father: {fileID: 7399118501462585703}
  m_RootOrder: 1
  m_LocalEulerAnglesHint: {x: 0, y: 0, z: 0}
--- !u!1001 &5291756198526271859
PrefabInstance:
  m_ObjectHideFlags: 0
  serializedVersion: 2
  m_Modification:
    m_TransformParent: {fileID: 0}
    m_Modifications:
    - target: {fileID: 7082086269380021051, guid: 98f803bcb4f7c9e4ab71c53cdb73e983,
        type: 3}
      propertyPath: m_Name
      value: DragComponentHandler
      objectReference: {fileID: 0}
    - target: {fileID: 8115769348848675524, guid: 98f803bcb4f7c9e4ab71c53cdb73e983,
        type: 3}
      propertyPath: m_LocalPosition.x
      value: -1.7026062
      objectReference: {fileID: 0}
    - target: {fileID: 8115769348848675524, guid: 98f803bcb4f7c9e4ab71c53cdb73e983,
        type: 3}
      propertyPath: m_LocalPosition.y
      value: 0.102821365
      objectReference: {fileID: 0}
    - target: {fileID: 8115769348848675524, guid: 98f803bcb4f7c9e4ab71c53cdb73e983,
        type: 3}
      propertyPath: m_LocalPosition.z
      value: -0.8786974
      objectReference: {fileID: 0}
    - target: {fileID: 8115769348848675524, guid: 98f803bcb4f7c9e4ab71c53cdb73e983,
        type: 3}
      propertyPath: m_LocalRotation.x
      value: -0
      objectReference: {fileID: 0}
    - target: {fileID: 8115769348848675524, guid: 98f803bcb4f7c9e4ab71c53cdb73e983,
        type: 3}
      propertyPath: m_LocalRotation.y
      value: 0.7071068
      objectReference: {fileID: 0}
    - target: {fileID: 8115769348848675524, guid: 98f803bcb4f7c9e4ab71c53cdb73e983,
        type: 3}
      propertyPath: m_LocalRotation.z
      value: -0
      objectReference: {fileID: 0}
    - target: {fileID: 8115769348848675524, guid: 98f803bcb4f7c9e4ab71c53cdb73e983,
        type: 3}
      propertyPath: m_LocalRotation.w
      value: 0.70710677
      objectReference: {fileID: 0}
    - target: {fileID: 8115769348848675524, guid: 98f803bcb4f7c9e4ab71c53cdb73e983,
        type: 3}
      propertyPath: m_RootOrder
      value: 0
      objectReference: {fileID: 0}
    - target: {fileID: 8115769348848675524, guid: 98f803bcb4f7c9e4ab71c53cdb73e983,
        type: 3}
      propertyPath: m_LocalEulerAnglesHint.x
      value: 0
      objectReference: {fileID: 0}
    - target: {fileID: 8115769348848675524, guid: 98f803bcb4f7c9e4ab71c53cdb73e983,
        type: 3}
      propertyPath: m_LocalEulerAnglesHint.y
      value: 0
      objectReference: {fileID: 0}
    - target: {fileID: 8115769348848675524, guid: 98f803bcb4f7c9e4ab71c53cdb73e983,
        type: 3}
      propertyPath: m_LocalEulerAnglesHint.z
      value: 0
      objectReference: {fileID: 0}
    - target: {fileID: 5595243760641272319, guid: 98f803bcb4f7c9e4ab71c53cdb73e983,
        type: 3}
      propertyPath: _pivot
      value: 
      objectReference: {fileID: 7233305252269614607}
    m_RemovedComponents:
    - {fileID: 6727893934418092856, guid: 98f803bcb4f7c9e4ab71c53cdb73e983, type: 3}
  m_SourcePrefab: {fileID: 100100000, guid: 98f803bcb4f7c9e4ab71c53cdb73e983, type: 3}
--- !u!1 &3114388440761764424 stripped
GameObject:
  m_CorrespondingSourceObject: {fileID: 7082086269380021051, guid: 98f803bcb4f7c9e4ab71c53cdb73e983,
    type: 3}
  m_PrefabInstance: {fileID: 5291756198526271859}
  m_PrefabAsset: {fileID: 0}
--- !u!4 &4166138622346636215 stripped
Transform:
  m_CorrespondingSourceObject: {fileID: 8115769348848675524, guid: 98f803bcb4f7c9e4ab71c53cdb73e983,
    type: 3}
  m_PrefabInstance: {fileID: 5291756198526271859}
  m_PrefabAsset: {fileID: 0}
