%YAML 1.1
%TAG !u! tag:unity3d.com,2011:
--- !u!1 &659793200715631517
GameObject:
  m_ObjectHideFlags: 0
  m_CorrespondingSourceObject: {fileID: 0}
  m_PrefabInstance: {fileID: 0}
  m_PrefabAsset: {fileID: 0}
  serializedVersion: 6
  m_Component:
  - component: {fileID: 5603901867185535965}
  - component: {fileID: 1597535025666487285}
  - component: {fileID: 8258650988778145678}
  m_Layer: 9
  m_Name: Collision
  m_TagString: Untagged
  m_Icon: {fileID: 0}
  m_NavMeshLayer: 0
  m_StaticEditorFlags: 0
  m_IsActive: 1
--- !u!4 &5603901867185535965
Transform:
  m_ObjectHideFlags: 0
  m_CorrespondingSourceObject: {fileID: 0}
  m_PrefabInstance: {fileID: 0}
  m_PrefabAsset: {fileID: 0}
  m_GameObject: {fileID: 659793200715631517}
  m_LocalRotation: {x: -0, y: -0, z: -0, w: 1}
  m_LocalPosition: {x: -0.002393961, y: 0.015022993, z: -0.010663718}
  m_LocalScale: {x: 1, y: 1, z: 1}
  m_Children: []
  m_Father: {fileID: 5332629334049355935}
  m_RootOrder: 4
  m_LocalEulerAnglesHint: {x: 0, y: 0, z: 0}
--- !u!65 &1597535025666487285
BoxCollider:
  m_ObjectHideFlags: 0
  m_CorrespondingSourceObject: {fileID: 0}
  m_PrefabInstance: {fileID: 0}
  m_PrefabAsset: {fileID: 0}
  m_GameObject: {fileID: 659793200715631517}
  m_Material: {fileID: 0}
  m_IsTrigger: 0
  m_Enabled: 1
  serializedVersion: 2
  m_Size: {x: 0.125, y: 0.125, z: 0.11}
  m_Center: {x: 0, y: 0, z: -0.197}
--- !u!114 &8258650988778145678
MonoBehaviour:
  m_ObjectHideFlags: 0
  m_CorrespondingSourceObject: {fileID: 0}
  m_PrefabInstance: {fileID: 0}
  m_PrefabAsset: {fileID: 0}
  m_GameObject: {fileID: 659793200715631517}
  m_Enabled: 1
  m_EditorHideFlags: 0
  m_Script: {fileID: 11500000, guid: 95f574ace97d09b4fb81b3afa95bf3f3, type: 3}
  m_Name: 
  m_EditorClassIdentifier: 
  _enumId: {fileID: 11400000, guid: 7945504dea879944abd278d154620f0e, type: 2}
--- !u!114 &4838957935944490892
MonoBehaviour:
  m_ObjectHideFlags: 0
  m_CorrespondingSourceObject: {fileID: 0}
  m_PrefabInstance: {fileID: 0}
  m_PrefabAsset: {fileID: 0}
  m_GameObject: {fileID: 6271812564801922086}
  m_Enabled: 1
  m_EditorHideFlags: 0
  m_Script: {fileID: 11500000, guid: 8322596c027ab0948aaab5467a7294a1, type: 3}
  m_Name: 
  m_EditorClassIdentifier: 
  _onPointInside:
    m_PersistentCalls:
      m_Calls: []
    m_TypeName: UnityEngine.Events.UnityEvent, UnityEngine.CoreModule, Version=0.0.0.0,
      Culture=neutral, PublicKeyToken=null
  _onPointEvaluationResult:
    m_PersistentCalls:
      m_Calls: []
    m_TypeName: NSScriptableEvent.ScriptableEventBool+BoolEvent, Assembly-CSharp,
      Version=0.0.0.0, Culture=neutral, PublicKeyToken=null
  _drawDebug: 1
  _drawAsSphere: 0
  _drawColor: {r: 1, g: 0, b: 0, a: 1}
--- !u!1001 &1355102945216451078
PrefabInstance:
  m_ObjectHideFlags: 0
  serializedVersion: 2
  m_Modification:
    m_TransformParent: {fileID: 0}
    m_Modifications:
    - target: {fileID: 1091972475627505424, guid: 2b35198deb5ea6849a7bc057645e2f3a,
        type: 3}
      propertyPath: m_Name
      value: DraggableBelt Variant
      objectReference: {fileID: 0}
    - target: {fileID: 6399338898817854105, guid: 2b35198deb5ea6849a7bc057645e2f3a,
        type: 3}
      propertyPath: m_LocalPosition.x
      value: -2.046606
      objectReference: {fileID: 0}
    - target: {fileID: 6399338898817854105, guid: 2b35198deb5ea6849a7bc057645e2f3a,
        type: 3}
      propertyPath: m_LocalPosition.y
      value: 0.48282135
      objectReference: {fileID: 0}
    - target: {fileID: 6399338898817854105, guid: 2b35198deb5ea6849a7bc057645e2f3a,
        type: 3}
      propertyPath: m_LocalPosition.z
      value: -0.46869755
      objectReference: {fileID: 0}
    - target: {fileID: 6399338898817854105, guid: 2b35198deb5ea6849a7bc057645e2f3a,
        type: 3}
      propertyPath: m_LocalRotation.x
      value: 0
      objectReference: {fileID: 0}
    - target: {fileID: 6399338898817854105, guid: 2b35198deb5ea6849a7bc057645e2f3a,
        type: 3}
      propertyPath: m_LocalRotation.y
      value: 0
      objectReference: {fileID: 0}
    - target: {fileID: 6399338898817854105, guid: 2b35198deb5ea6849a7bc057645e2f3a,
        type: 3}
      propertyPath: m_LocalRotation.z
      value: 0
      objectReference: {fileID: 0}
    - target: {fileID: 6399338898817854105, guid: 2b35198deb5ea6849a7bc057645e2f3a,
        type: 3}
      propertyPath: m_LocalRotation.w
      value: 1
      objectReference: {fileID: 0}
    - target: {fileID: 6399338898817854105, guid: 2b35198deb5ea6849a7bc057645e2f3a,
        type: 3}
      propertyPath: m_RootOrder
      value: 0
      objectReference: {fileID: 0}
    - target: {fileID: 6399338898817854105, guid: 2b35198deb5ea6849a7bc057645e2f3a,
        type: 3}
      propertyPath: m_LocalEulerAnglesHint.x
      value: 0
      objectReference: {fileID: 0}
    - target: {fileID: 6399338898817854105, guid: 2b35198deb5ea6849a7bc057645e2f3a,
        type: 3}
      propertyPath: m_LocalEulerAnglesHint.y
      value: 0
      objectReference: {fileID: 0}
    - target: {fileID: 6399338898817854105, guid: 2b35198deb5ea6849a7bc057645e2f3a,
        type: 3}
      propertyPath: m_LocalEulerAnglesHint.z
      value: 0
      objectReference: {fileID: 0}
    - target: {fileID: 6910129993031157348, guid: 2b35198deb5ea6849a7bc057645e2f3a,
        type: 3}
      propertyPath: m_Size.z
      value: 0.5
      objectReference: {fileID: 0}
    - target: {fileID: 6910129993031157348, guid: 2b35198deb5ea6849a7bc057645e2f3a,
        type: 3}
      propertyPath: m_Center.z
      value: 0
      objectReference: {fileID: 0}
    - target: {fileID: 6273908177654730766, guid: 2b35198deb5ea6849a7bc057645e2f3a,
        type: 3}
      propertyPath: m_IsActive
      value: 0
      objectReference: {fileID: 0}
    m_RemovedComponents: []
  m_SourcePrefab: {fileID: 100100000, guid: 2b35198deb5ea6849a7bc057645e2f3a, type: 3}
--- !u!4 &5332629334049355935 stripped
Transform:
  m_CorrespondingSourceObject: {fileID: 6399338898817854105, guid: 2b35198deb5ea6849a7bc057645e2f3a,
    type: 3}
  m_PrefabInstance: {fileID: 1355102945216451078}
  m_PrefabAsset: {fileID: 0}
--- !u!1001 &5344254162059206587
PrefabInstance:
  m_ObjectHideFlags: 0
  serializedVersion: 2
  m_Modification:
    m_TransformParent: {fileID: 5332629334049355935}
    m_Modifications:
    - target: {fileID: 4385401626749344621, guid: 276b33bee2b99e643bc64ac2eff6f3c0,
        type: 3}
      propertyPath: m_Name
      value: BandaTransportadora
      objectReference: {fileID: 0}
    - target: {fileID: 4385401626749344622, guid: 276b33bee2b99e643bc64ac2eff6f3c0,
        type: 3}
      propertyPath: m_LocalPosition.x
      value: 0.04760611
      objectReference: {fileID: 0}
    - target: {fileID: 4385401626749344622, guid: 276b33bee2b99e643bc64ac2eff6f3c0,
        type: 3}
      propertyPath: m_LocalPosition.y
      value: -0.05
      objectReference: {fileID: 0}
    - target: {fileID: 4385401626749344622, guid: 276b33bee2b99e643bc64ac2eff6f3c0,
        type: 3}
      propertyPath: m_LocalPosition.z
      value: -0.2483023
      objectReference: {fileID: 0}
    - target: {fileID: 4385401626749344622, guid: 276b33bee2b99e643bc64ac2eff6f3c0,
        type: 3}
      propertyPath: m_LocalRotation.x
      value: -0
      objectReference: {fileID: 0}
    - target: {fileID: 4385401626749344622, guid: 276b33bee2b99e643bc64ac2eff6f3c0,
        type: 3}
      propertyPath: m_LocalRotation.y
      value: 0.7071068
      objectReference: {fileID: 0}
    - target: {fileID: 4385401626749344622, guid: 276b33bee2b99e643bc64ac2eff6f3c0,
        type: 3}
      propertyPath: m_LocalRotation.z
      value: -0
      objectReference: {fileID: 0}
    - target: {fileID: 4385401626749344622, guid: 276b33bee2b99e643bc64ac2eff6f3c0,
        type: 3}
      propertyPath: m_LocalRotation.w
      value: 0.7071068
      objectReference: {fileID: 0}
    - target: {fileID: 4385401626749344622, guid: 276b33bee2b99e643bc64ac2eff6f3c0,
        type: 3}
      propertyPath: m_RootOrder
      value: 3
      objectReference: {fileID: 0}
    - target: {fileID: 4385401626749344622, guid: 276b33bee2b99e643bc64ac2eff6f3c0,
        type: 3}
      propertyPath: m_LocalEulerAnglesHint.x
      value: 0
      objectReference: {fileID: 0}
    - target: {fileID: 4385401626749344622, guid: 276b33bee2b99e643bc64ac2eff6f3c0,
        type: 3}
      propertyPath: m_LocalEulerAnglesHint.y
      value: 90
      objectReference: {fileID: 0}
    - target: {fileID: 4385401626749344622, guid: 276b33bee2b99e643bc64ac2eff6f3c0,
        type: 3}
      propertyPath: m_LocalEulerAnglesHint.z
      value: 0
      objectReference: {fileID: 0}
    - target: {fileID: 5861104905483342815, guid: 276b33bee2b99e643bc64ac2eff6f3c0,
        type: 3}
      propertyPath: m_LocalRotation.x
      value: 0
      objectReference: {fileID: 0}
    - target: {fileID: 5861104905483342815, guid: 276b33bee2b99e643bc64ac2eff6f3c0,
        type: 3}
      propertyPath: m_LocalRotation.y
      value: 0
      objectReference: {fileID: 0}
    - target: {fileID: 5861104905483342815, guid: 276b33bee2b99e643bc64ac2eff6f3c0,
        type: 3}
      propertyPath: m_LocalRotation.z
      value: 0
      objectReference: {fileID: 0}
    - target: {fileID: 5861104905483342815, guid: 276b33bee2b99e643bc64ac2eff6f3c0,
        type: 3}
      propertyPath: m_LocalRotation.w
      value: 1
      objectReference: {fileID: 0}
    - target: {fileID: 5861104905483342815, guid: 276b33bee2b99e643bc64ac2eff6f3c0,
        type: 3}
      propertyPath: m_LocalPosition.x
      value: -0.187
      objectReference: {fileID: 0}
    - target: {fileID: 5861104905483342815, guid: 276b33bee2b99e643bc64ac2eff6f3c0,
        type: 3}
      propertyPath: m_LocalPosition.z
      value: -0.05
      objectReference: {fileID: 0}
    - target: {fileID: 5861104905483342815, guid: 276b33bee2b99e643bc64ac2eff6f3c0,
        type: 3}
      propertyPath: m_LocalPosition.y
      value: 0.068
      objectReference: {fileID: 0}
    - target: {fileID: 6148904133771987999, guid: 276b33bee2b99e643bc64ac2eff6f3c0,
        type: 3}
      propertyPath: _onTransportBeltStateChange.m_PersistentCalls.m_Calls.Array.size
      value: 1
      objectReference: {fileID: 0}
    - target: {fileID: 6148904133771987999, guid: 276b33bee2b99e643bc64ac2eff6f3c0,
        type: 3}
      propertyPath: _onTransportBeltStateChange.m_PersistentCalls.m_Calls.Array.data[0].m_Mode
      value: 1
      objectReference: {fileID: 0}
    - target: {fileID: 6148904133771987999, guid: 276b33bee2b99e643bc64ac2eff6f3c0,
        type: 3}
      propertyPath: _onTransportBeltStateChange.m_PersistentCalls.m_Calls.Array.data[0].m_CallState
      value: 2
      objectReference: {fileID: 0}
    - target: {fileID: 4385401626749344623, guid: 276b33bee2b99e643bc64ac2eff6f3c0,
        type: 3}
      propertyPath: _layerMask.m_Bits
      value: 1024
      objectReference: {fileID: 0}
    - target: {fileID: 5735879316898554552, guid: 276b33bee2b99e643bc64ac2eff6f3c0,
        type: 3}
      propertyPath: m_Layer
      value: 14
      objectReference: {fileID: 0}
    m_RemovedComponents: []
  m_SourcePrefab: {fileID: 100100000, guid: 276b33bee2b99e643bc64ac2eff6f3c0, type: 3}
--- !u!1 &6271812564801922086 stripped
GameObject:
  m_CorrespondingSourceObject: {fileID: 2099643434026974109, guid: 276b33bee2b99e643bc64ac2eff6f3c0,
    type: 3}
  m_PrefabInstance: {fileID: 5344254162059206587}
  m_PrefabAsset: {fileID: 0}
