%YAML 1.1
%TAG !u! tag:unity3d.com,2011:
--- !u!1 &590464998492198071
GameObject:
  m_ObjectHideFlags: 0
  m_CorrespondingSourceObject: {fileID: 0}
  m_PrefabInstance: {fileID: 0}
  m_PrefabAsset: {fileID: 0}
  serializedVersion: 6
  m_Component:
  - component: {fileID: 7207070914457119848}
  - component: {fileID: 6482237603611682596}
  m_Layer: 10
  m_Name: Collider
  m_TagString: Untagged
  m_Icon: {fileID: 0}
  m_NavMeshLayer: 0
  m_StaticEditorFlags: 0
  m_IsActive: 1
--- !u!4 &7207070914457119848
Transform:
  m_ObjectHideFlags: 0
  m_CorrespondingSourceObject: {fileID: 0}
  m_PrefabInstance: {fileID: 0}
  m_PrefabAsset: {fileID: 0}
  m_GameObject: {fileID: 590464998492198071}
  m_LocalRotation: {x: 0, y: 0, z: 0, w: 1}
  m_LocalPosition: {x: 0, y: 0, z: 0}
  m_LocalScale: {x: 0.1, y: 0.1, z: 0.1}
  m_Children: []
  m_Father: {fileID: 5082246938745541372}
  m_RootOrder: 4
  m_LocalEulerAnglesHint: {x: 0, y: 0, z: 0}
--- !u!64 &6482237603611682596
MeshCollider:
  m_ObjectHideFlags: 0
  m_CorrespondingSourceObject: {fileID: 0}
  m_PrefabInstance: {fileID: 0}
  m_PrefabAsset: {fileID: 0}
  m_GameObject: {fileID: 590464998492198071}
  m_Material: {fileID: 13400000, guid: 09260cf1993139743bbe05af70da23fc, type: 2}
  m_IsTrigger: 0
  m_Enabled: 1
  serializedVersion: 3
  m_Convex: 1
  m_CookingOptions: 14
  m_Mesh: {fileID: 4300000, guid: 4b238616ee34a73449c946cadef8e5b5, type: 3}
--- !u!54 &8452309912077761759
Rigidbody:
  m_ObjectHideFlags: 0
  m_CorrespondingSourceObject: {fileID: 0}
  m_PrefabInstance: {fileID: 0}
  m_PrefabAsset: {fileID: 0}
  m_GameObject: {fileID: 1256424398564769653}
  serializedVersion: 2
  m_Mass: 1
  m_Drag: 0
  m_AngularDrag: 0.05
  m_UseGravity: 1
  m_IsKinematic: 0
  m_Interpolate: 0
  m_Constraints: 0
  m_CollisionDetection: 0
--- !u!114 &1464333493418135703
MonoBehaviour:
  m_ObjectHideFlags: 0
  m_CorrespondingSourceObject: {fileID: 0}
  m_PrefabInstance: {fileID: 0}
  m_PrefabAsset: {fileID: 0}
  m_GameObject: {fileID: 1256424398564769653}
  m_Enabled: 1
  m_EditorHideFlags: 0
  m_Script: {fileID: 11500000, guid: b75d3532347c75d4bac8b0e6c0cc8df3, type: 3}
  m_Name: 
  m_EditorClassIdentifier: 
  _colorInfo: {fileID: 11400000, guid: d48f6a5943c820c40b47c27bfb9d8861, type: 2}
  _overrideTransform: {fileID: 5082246938745541372}
  _cubeEnviroCollider: {fileID: 5313914523374859908}
  _referenceCatchInvalidPoints:
  - {fileID: 1910627816175152836}
  - {fileID: 1402454402304304599}
  _useOverride: 0
  state: 0
  colorID: 0
  _renderers:
  - {fileID: 2916726304293644620}
  - {fileID: 6024309706713031663}
  _useStartValuesOnReset: 0
  _checkDistanceHorizontal: 0.08
  _topCubeCheckLayer:
    serializedVersion: 2
    m_Bits: 17408
--- !u!114 &2935634946041957602
MonoBehaviour:
  m_ObjectHideFlags: 0
  m_CorrespondingSourceObject: {fileID: 0}
  m_PrefabInstance: {fileID: 0}
  m_PrefabAsset: {fileID: 0}
  m_GameObject: {fileID: 1256424398564769653}
  m_Enabled: 1
  m_EditorHideFlags: 0
  m_Script: {fileID: 11500000, guid: 98d00264a6d201d4da5677616f6c38aa, type: 3}
  m_Name: 
  m_EditorClassIdentifier: 
  _name: 
  _tag: 
  _layer:
    serializedVersion: 2
    m_Bits: 4294967295
  _onCollisionEnterEvent:
    m_PersistentCalls:
      m_Calls:
      - m_Target: {fileID: 11400000, guid: 3fb16471a05f7cd4da6e40279ffde53d, type: 2}
        m_MethodName: ExecuteEvent
        m_Mode: 0
        m_Arguments:
          m_ObjectArgument: {fileID: 0}
          m_ObjectArgumentAssemblyTypeName: UnityEngine.Object, UnityEngine
          m_IntArgument: 0
          m_FloatArgument: 0
          m_StringArgument: 
          m_BoolArgument: 0
        m_CallState: 0
    m_TypeName: Modular.CollisionEvent, Assembly-CSharp, Version=0.0.0.0, Culture=neutral,
      PublicKeyToken=null
  _onCollisionStayEvent:
    m_PersistentCalls:
      m_Calls: []
    m_TypeName: Modular.CollisionEvent, Assembly-CSharp, Version=0.0.0.0, Culture=neutral,
      PublicKeyToken=null
  _onCollisionExitEvent:
    m_PersistentCalls:
      m_Calls: []
    m_TypeName: Modular.CollisionEvent, Assembly-CSharp, Version=0.0.0.0, Culture=neutral,
      PublicKeyToken=null
--- !u!1001 &2182205654811162725
PrefabInstance:
  m_ObjectHideFlags: 0
  serializedVersion: 2
  m_Modification:
    m_TransformParent: {fileID: 0}
    m_Modifications:
    - target: {fileID: 1091972475627505424, guid: 2b35198deb5ea6849a7bc057645e2f3a,
        type: 3}
      propertyPath: m_Name
      value: DraggingCube Variant
      objectReference: {fileID: 0}
    - target: {fileID: 6399338898817854105, guid: 2b35198deb5ea6849a7bc057645e2f3a,
        type: 3}
      propertyPath: m_LocalPosition.x
      value: -0.41
      objectReference: {fileID: 0}
    - target: {fileID: 6399338898817854105, guid: 2b35198deb5ea6849a7bc057645e2f3a,
        type: 3}
      propertyPath: m_LocalPosition.y
      value: 0.38
      objectReference: {fileID: 0}
    - target: {fileID: 6399338898817854105, guid: 2b35198deb5ea6849a7bc057645e2f3a,
        type: 3}
      propertyPath: m_LocalPosition.z
      value: -0.344
      objectReference: {fileID: 0}
    - target: {fileID: 6399338898817854105, guid: 2b35198deb5ea6849a7bc057645e2f3a,
        type: 3}
      propertyPath: m_LocalRotation.x
      value: -0
      objectReference: {fileID: 0}
    - target: {fileID: 6399338898817854105, guid: 2b35198deb5ea6849a7bc057645e2f3a,
        type: 3}
      propertyPath: m_LocalRotation.y
      value: -0
      objectReference: {fileID: 0}
    - target: {fileID: 6399338898817854105, guid: 2b35198deb5ea6849a7bc057645e2f3a,
        type: 3}
      propertyPath: m_LocalRotation.z
      value: -0
      objectReference: {fileID: 0}
    - target: {fileID: 6399338898817854105, guid: 2b35198deb5ea6849a7bc057645e2f3a,
        type: 3}
      propertyPath: m_LocalRotation.w
      value: 1
      objectReference: {fileID: 0}
    - target: {fileID: 6399338898817854105, guid: 2b35198deb5ea6849a7bc057645e2f3a,
        type: 3}
      propertyPath: m_RootOrder
      value: 0
      objectReference: {fileID: 0}
    - target: {fileID: 6399338898817854105, guid: 2b35198deb5ea6849a7bc057645e2f3a,
        type: 3}
      propertyPath: m_LocalEulerAnglesHint.x
      value: 0
      objectReference: {fileID: 0}
    - target: {fileID: 6399338898817854105, guid: 2b35198deb5ea6849a7bc057645e2f3a,
        type: 3}
      propertyPath: m_LocalEulerAnglesHint.y
      value: 0
      objectReference: {fileID: 0}
    - target: {fileID: 6399338898817854105, guid: 2b35198deb5ea6849a7bc057645e2f3a,
        type: 3}
      propertyPath: m_LocalEulerAnglesHint.z
      value: 0
      objectReference: {fileID: 0}
    - target: {fileID: 5361808573951308734, guid: 2b35198deb5ea6849a7bc057645e2f3a,
        type: 3}
      propertyPath: m_RootOrder
      value: 3
      objectReference: {fileID: 0}
    - target: {fileID: 1091972475627505431, guid: 2b35198deb5ea6849a7bc057645e2f3a,
        type: 3}
      propertyPath: _collider
      value: 
      objectReference: {fileID: 4732569510223756801}
    - target: {fileID: 901818251885800726, guid: 2b35198deb5ea6849a7bc057645e2f3a,
        type: 3}
      propertyPath: _ignoreGOs.Array.size
      value: 1
      objectReference: {fileID: 0}
    - target: {fileID: 901818251885800726, guid: 2b35198deb5ea6849a7bc057645e2f3a,
        type: 3}
      propertyPath: _ignoreGameObjectDraggableList.Array.size
      value: 2
      objectReference: {fileID: 0}
    - target: {fileID: 901818251885800726, guid: 2b35198deb5ea6849a7bc057645e2f3a,
        type: 3}
      propertyPath: _target
      value: 
      objectReference: {fileID: 0}
    - target: {fileID: 901818251885800726, guid: 2b35198deb5ea6849a7bc057645e2f3a,
        type: 3}
      propertyPath: _ignoreGOs.Array.data[0]
      value: 
      objectReference: {fileID: 2916726303501231387}
    - target: {fileID: 901818251885800726, guid: 2b35198deb5ea6849a7bc057645e2f3a,
        type: 3}
      propertyPath: _ignoreGameObjectDraggableList.Array.data[0]
      value: 
      objectReference: {fileID: 2916726303501231387}
    - target: {fileID: 901818251885800726, guid: 2b35198deb5ea6849a7bc057645e2f3a,
        type: 3}
      propertyPath: _rigidbody
      value: 
      objectReference: {fileID: 8452309912077761759}
    - target: {fileID: 901818251885800726, guid: 2b35198deb5ea6849a7bc057645e2f3a,
        type: 3}
      propertyPath: _ignoreGameObjectDraggableList.Array.data[1]
      value: 
      objectReference: {fileID: 590464998492198071}
    - target: {fileID: 6910129993031157348, guid: 2b35198deb5ea6849a7bc057645e2f3a,
        type: 3}
      propertyPath: m_IsTrigger
      value: 1
      objectReference: {fileID: 0}
    - target: {fileID: 6910129993031157348, guid: 2b35198deb5ea6849a7bc057645e2f3a,
        type: 3}
      propertyPath: m_Material
      value: 
      objectReference: {fileID: 13400000, guid: 09260cf1993139743bbe05af70da23fc,
        type: 2}
    - target: {fileID: 6273908177654730766, guid: 2b35198deb5ea6849a7bc057645e2f3a,
        type: 3}
      propertyPath: m_IsActive
      value: 0
      objectReference: {fileID: 0}
    m_RemovedComponents: []
  m_SourcePrefab: {fileID: 100100000, guid: 2b35198deb5ea6849a7bc057645e2f3a, type: 3}
--- !u!1 &1256424398564769653 stripped
GameObject:
  m_CorrespondingSourceObject: {fileID: 1091972475627505424, guid: 2b35198deb5ea6849a7bc057645e2f3a,
    type: 3}
  m_PrefabInstance: {fileID: 2182205654811162725}
  m_PrefabAsset: {fileID: 0}
--- !u!4 &5082246938745541372 stripped
Transform:
  m_CorrespondingSourceObject: {fileID: 6399338898817854105, guid: 2b35198deb5ea6849a7bc057645e2f3a,
    type: 3}
  m_PrefabInstance: {fileID: 2182205654811162725}
  m_PrefabAsset: {fileID: 0}
--- !u!65 &4732569510223756801 stripped
BoxCollider:
  m_CorrespondingSourceObject: {fileID: 6910129993031157348, guid: 2b35198deb5ea6849a7bc057645e2f3a,
    type: 3}
  m_PrefabInstance: {fileID: 2182205654811162725}
  m_PrefabAsset: {fileID: 0}
--- !u!1001 &8810611769431444466
PrefabInstance:
  m_ObjectHideFlags: 0
  serializedVersion: 2
  m_Modification:
    m_TransformParent: {fileID: 5082246938745541372}
    m_Modifications:
    - target: {fileID: 5926701546651578089, guid: c17b4f9285f3b2f4e847c0ab71b1e4f1,
        type: 3}
      propertyPath: m_Name
      value: Cube
      objectReference: {fileID: 0}
    - target: {fileID: 5926701546651578088, guid: c17b4f9285f3b2f4e847c0ab71b1e4f1,
        type: 3}
      propertyPath: m_LocalPosition.x
      value: 0
      objectReference: {fileID: 0}
    - target: {fileID: 5926701546651578088, guid: c17b4f9285f3b2f4e847c0ab71b1e4f1,
        type: 3}
      propertyPath: m_LocalPosition.y
      value: 0
      objectReference: {fileID: 0}
    - target: {fileID: 5926701546651578088, guid: c17b4f9285f3b2f4e847c0ab71b1e4f1,
        type: 3}
      propertyPath: m_LocalPosition.z
      value: 0
      objectReference: {fileID: 0}
    - target: {fileID: 5926701546651578088, guid: c17b4f9285f3b2f4e847c0ab71b1e4f1,
        type: 3}
      propertyPath: m_LocalRotation.x
      value: -0
      objectReference: {fileID: 0}
    - target: {fileID: 5926701546651578088, guid: c17b4f9285f3b2f4e847c0ab71b1e4f1,
        type: 3}
      propertyPath: m_LocalRotation.y
      value: -0
      objectReference: {fileID: 0}
    - target: {fileID: 5926701546651578088, guid: c17b4f9285f3b2f4e847c0ab71b1e4f1,
        type: 3}
      propertyPath: m_LocalRotation.z
      value: -0
      objectReference: {fileID: 0}
    - target: {fileID: 5926701546651578088, guid: c17b4f9285f3b2f4e847c0ab71b1e4f1,
        type: 3}
      propertyPath: m_LocalRotation.w
      value: 1
      objectReference: {fileID: 0}
    - target: {fileID: 5926701546651578088, guid: c17b4f9285f3b2f4e847c0ab71b1e4f1,
        type: 3}
      propertyPath: m_RootOrder
      value: 2
      objectReference: {fileID: 0}
    - target: {fileID: 5926701546651578088, guid: c17b4f9285f3b2f4e847c0ab71b1e4f1,
        type: 3}
      propertyPath: m_LocalEulerAnglesHint.x
      value: 0
      objectReference: {fileID: 0}
    - target: {fileID: 5926701546651578088, guid: c17b4f9285f3b2f4e847c0ab71b1e4f1,
        type: 3}
      propertyPath: m_LocalEulerAnglesHint.y
      value: 0
      objectReference: {fileID: 0}
    - target: {fileID: 5926701546651578088, guid: c17b4f9285f3b2f4e847c0ab71b1e4f1,
        type: 3}
      propertyPath: m_LocalEulerAnglesHint.z
      value: 0
      objectReference: {fileID: 0}
    - target: {fileID: 5926701546651578006, guid: c17b4f9285f3b2f4e847c0ab71b1e4f1,
        type: 3}
      propertyPath: _overrideTransform
      value: 
      objectReference: {fileID: 5082246938745541372}
    m_RemovedComponents:
    - {fileID: 5926701546651578006, guid: c17b4f9285f3b2f4e847c0ab71b1e4f1, type: 3}
    - {fileID: 5926701546651578005, guid: c17b4f9285f3b2f4e847c0ab71b1e4f1, type: 3}
    - {fileID: 6669612136357450827, guid: c17b4f9285f3b2f4e847c0ab71b1e4f1, type: 3}
  m_SourcePrefab: {fileID: 100100000, guid: c17b4f9285f3b2f4e847c0ab71b1e4f1, type: 3}
--- !u!1 &2916726303501231387 stripped
GameObject:
  m_CorrespondingSourceObject: {fileID: 5926701546651578089, guid: c17b4f9285f3b2f4e847c0ab71b1e4f1,
    type: 3}
  m_PrefabInstance: {fileID: 8810611769431444466}
  m_PrefabAsset: {fileID: 0}
--- !u!23 &2916726304293644620 stripped
MeshRenderer:
  m_CorrespondingSourceObject: {fileID: 5926701545287819966, guid: c17b4f9285f3b2f4e847c0ab71b1e4f1,
    type: 3}
  m_PrefabInstance: {fileID: 8810611769431444466}
  m_PrefabAsset: {fileID: 0}
--- !u!23 &6024309706713031663 stripped
MeshRenderer:
  m_CorrespondingSourceObject: {fileID: 3017184683324024861, guid: c17b4f9285f3b2f4e847c0ab71b1e4f1,
    type: 3}
  m_PrefabInstance: {fileID: 8810611769431444466}
  m_PrefabAsset: {fileID: 0}
--- !u!4 &1910627816175152836 stripped
Transform:
  m_CorrespondingSourceObject: {fileID: 6973398896312575286, guid: c17b4f9285f3b2f4e847c0ab71b1e4f1,
    type: 3}
  m_PrefabInstance: {fileID: 8810611769431444466}
  m_PrefabAsset: {fileID: 0}
--- !u!4 &1402454402304304599 stripped
Transform:
  m_CorrespondingSourceObject: {fileID: 7580420604140039717, guid: c17b4f9285f3b2f4e847c0ab71b1e4f1,
    type: 3}
  m_PrefabInstance: {fileID: 8810611769431444466}
  m_PrefabAsset: {fileID: 0}
--- !u!4 &5313914523374859908 stripped
Transform:
  m_CorrespondingSourceObject: {fileID: 3745664083858980214, guid: c17b4f9285f3b2f4e847c0ab71b1e4f1,
    type: 3}
  m_PrefabInstance: {fileID: 8810611769431444466}
  m_PrefabAsset: {fileID: 0}
