%YAML 1.1
%TAG !u! tag:unity3d.com,2011:
--- !u!1 &1258929950901762950
GameObject:
  m_ObjectHideFlags: 0
  m_CorrespondingSourceObject: {fileID: 0}
  m_PrefabInstance: {fileID: 0}
  m_PrefabAsset: {fileID: 0}
  serializedVersion: 6
  m_Component:
  - component: {fileID: 1324803239828340966}
  - component: {fileID: 1327340255334078382}
  - component: {fileID: 1219211974848729226}
  - component: {fileID: 1323733144419500664}
  - component: {fileID: 1217815331350603098}
  m_Layer: 5
  m_Name: PanelLogin4Campos
  m_TagString: Untagged
  m_Icon: {fileID: 0}
  m_NavMeshLayer: 0
  m_StaticEditorFlags: 0
  m_IsActive: 1
--- !u!224 &1324803239828340966
RectTransform:
  m_ObjectHideFlags: 0
  m_CorrespondingSourceObject: {fileID: 0}
  m_PrefabInstance: {fileID: 0}
  m_PrefabAsset: {fileID: 0}
  m_GameObject: {fileID: 1258929950901762950}
  m_LocalRotation: {x: 0, y: 0, z: 0, w: 1}
  m_LocalPosition: {x: 0, y: 0, z: 0}
  m_LocalScale: {x: 1, y: 1, z: 1}
  m_Children:
  - {fileID: 1325117562106746246}
  - {fileID: 1325112611468383558}
  - {fileID: 1324838751996378934}
  m_Father: {fileID: 0}
  m_RootOrder: 0
  m_LocalEulerAnglesHint: {x: 0, y: 0, z: 0}
  m_AnchorMin: {x: 0.5, y: 0.5}
  m_AnchorMax: {x: 0.5, y: 0.5}
  m_AnchoredPosition: {x: 0, y: 0}
  m_SizeDelta: {x: 825, y: 695}
  m_Pivot: {x: 0.5, y: 0.5}
--- !u!222 &1327340255334078382
CanvasRenderer:
  m_ObjectHideFlags: 0
  m_CorrespondingSourceObject: {fileID: 0}
  m_PrefabInstance: {fileID: 0}
  m_PrefabAsset: {fileID: 0}
  m_GameObject: {fileID: 1258929950901762950}
  m_CullTransparentMesh: 0
--- !u!114 &1219211974848729226
MonoBehaviour:
  m_ObjectHideFlags: 0
  m_CorrespondingSourceObject: {fileID: 0}
  m_PrefabInstance: {fileID: 0}
  m_PrefabAsset: {fileID: 0}
  m_GameObject: {fileID: 1258929950901762950}
  m_Enabled: 1
  m_EditorHideFlags: 0
  m_Script: {fileID: -765806418, guid: f70555f144d8491a825f0804e09c671c, type: 3}
  m_Name: 
  m_EditorClassIdentifier: 
  m_Material: {fileID: 0}
  m_Color: {r: 1, g: 1, b: 1, a: 1}
  m_RaycastTarget: 0
  m_OnCullStateChanged:
    m_PersistentCalls:
      m_Calls: []
    m_TypeName: UnityEngine.UI.MaskableGraphic+CullStateChangedEvent, UnityEngine.UI,
      Version=1.0.0.0, Culture=neutral, PublicKeyToken=null
  m_Sprite: {fileID: 21300012, guid: 1411ad9b2451db34cbde2d7367324aab, type: 3}
  m_Type: 1
  m_PreserveAspect: 0
  m_FillCenter: 1
  m_FillMethod: 4
  m_FillAmount: 1
  m_FillClockwise: 1
  m_FillOrigin: 0
  m_UseSpriteMesh: 0
--- !u!225 &1323733144419500664
CanvasGroup:
  m_ObjectHideFlags: 0
  m_CorrespondingSourceObject: {fileID: 0}
  m_PrefabInstance: {fileID: 0}
  m_PrefabAsset: {fileID: 0}
  m_GameObject: {fileID: 1258929950901762950}
  m_Enabled: 1
  m_Alpha: 1
  m_Interactable: 1
  m_BlocksRaycasts: 1
  m_IgnoreParentGroups: 0
--- !u!114 &1217815331350603098
MonoBehaviour:
  m_ObjectHideFlags: 0
  m_CorrespondingSourceObject: {fileID: 0}
  m_PrefabInstance: {fileID: 0}
  m_PrefabAsset: {fileID: 0}
  m_GameObject: {fileID: 1258929950901762950}
  m_Enabled: 1
  m_EditorHideFlags: 0
  m_Script: {fileID: 11500000, guid: 6072644079bd4884290cb333b83e90d4, type: 3}
  m_Name: 
  m_EditorClassIdentifier: 
  soAnimationsCurvePanelUI: {fileID: 11400000, guid: f4a492932eae0c2418d1602bcd557c5c,
    type: 2}
  soImageBackgroundPanelConfiguration: {fileID: 11400000, guid: 6d9e87281e7bf434a9819cb7856cb299,
    type: 2}
  callEventOnShow: 0
  seShowPanel: {fileID: 11400000, guid: c7f001b742ab622439e4204d08cbf4c5, type: 2}
  callEventHidde: 0
  seHiddePanel: {fileID: 11400000, guid: 49b01dfebdd739840a3b73509a68bc3e, type: 2}
  inputFieldNombre: {fileID: 5445569073640134522}
  inputFieldCurso: {fileID: 320428057315355723}
  inputFieldIdCurso: {fileID: 6095145156932188646}
  inputFieldInstituto: {fileID: 5041782845650053242}
  seOnLogin: {fileID: 11400000, guid: dcf67716b0da33142a3570a2c810b780, type: 2}
  seOnInputsLogin4InputsCorrect: {fileID: 11400000, guid: 5563dbd52cbf03346b5cdc37001fc231,
    type: 2}
  refSoSecurityData: {fileID: 11400000, guid: b7bf4af24e1a0094881782249113c590, type: 2}
  refSoSecurityConfiguration: {fileID: 11400000, guid: 8d91999826e89df44939cd18c86c55bd,
    type: 2}
  cmd: []
--- !u!1 &1259226531860220896
GameObject:
  m_ObjectHideFlags: 0
  m_CorrespondingSourceObject: {fileID: 0}
  m_PrefabInstance: {fileID: 0}
  m_PrefabAsset: {fileID: 0}
  serializedVersion: 6
  m_Component:
  - component: {fileID: 1325112611468383558}
  - component: {fileID: 1326838384987100372}
  - component: {fileID: 1219120902790205884}
  m_Layer: 5
  m_Name: PanelInputFields
  m_TagString: Untagged
  m_Icon: {fileID: 0}
  m_NavMeshLayer: 0
  m_StaticEditorFlags: 0
  m_IsActive: 1
--- !u!224 &1325112611468383558
RectTransform:
  m_ObjectHideFlags: 0
  m_CorrespondingSourceObject: {fileID: 0}
  m_PrefabInstance: {fileID: 0}
  m_PrefabAsset: {fileID: 0}
  m_GameObject: {fileID: 1259226531860220896}
  m_LocalRotation: {x: 0, y: 0, z: 0, w: 1}
  m_LocalPosition: {x: 0, y: 0, z: 0}
  m_LocalScale: {x: 1, y: 1, z: 1}
  m_Children:
  - {fileID: 1324996853230094906}
  - {fileID: 6613773736659591927}
  - {fileID: 1452471948760242630}
  - {fileID: 4957366076329020523}
  - {fileID: 6170589948549946871}
  m_Father: {fileID: 1324803239828340966}
  m_RootOrder: 1
  m_LocalEulerAnglesHint: {x: 0, y: 0, z: 0}
  m_AnchorMin: {x: 0, y: 0.1}
  m_AnchorMax: {x: 1, y: 0.9}
  m_AnchoredPosition: {x: 0, y: 0}
  m_SizeDelta: {x: 0, y: 0}
  m_Pivot: {x: 0.5, y: 0.5}
--- !u!222 &1326838384987100372
CanvasRenderer:
  m_ObjectHideFlags: 0
  m_CorrespondingSourceObject: {fileID: 0}
  m_PrefabInstance: {fileID: 0}
  m_PrefabAsset: {fileID: 0}
  m_GameObject: {fileID: 1259226531860220896}
  m_CullTransparentMesh: 0
--- !u!114 &1219120902790205884
MonoBehaviour:
  m_ObjectHideFlags: 0
  m_CorrespondingSourceObject: {fileID: 0}
  m_PrefabInstance: {fileID: 0}
  m_PrefabAsset: {fileID: 0}
  m_GameObject: {fileID: 1259226531860220896}
  m_Enabled: 1
  m_EditorHideFlags: 0
  m_Script: {fileID: 1297475563, guid: f70555f144d8491a825f0804e09c671c, type: 3}
  m_Name: 
  m_EditorClassIdentifier: 
  m_Padding:
    m_Left: 0
    m_Right: 0
    m_Top: 0
    m_Bottom: 0
  m_ChildAlignment: 4
  m_Spacing: 12.92
  m_ChildForceExpandWidth: 0
  m_ChildForceExpandHeight: 0
  m_ChildControlWidth: 0
  m_ChildControlHeight: 0
--- !u!1 &1259455748093263814
GameObject:
  m_ObjectHideFlags: 0
  m_CorrespondingSourceObject: {fileID: 0}
  m_PrefabInstance: {fileID: 0}
  m_PrefabAsset: {fileID: 0}
  serializedVersion: 6
  m_Component:
  - component: {fileID: 1324996853230094906}
  - component: {fileID: 1326854260590275262}
  - component: {fileID: 1218433476512017004}
  m_Layer: 5
  m_Name: Image
  m_TagString: Untagged
  m_Icon: {fileID: 0}
  m_NavMeshLayer: 0
  m_StaticEditorFlags: 0
  m_IsActive: 1
--- !u!224 &1324996853230094906
RectTransform:
  m_ObjectHideFlags: 0
  m_CorrespondingSourceObject: {fileID: 0}
  m_PrefabInstance: {fileID: 0}
  m_PrefabAsset: {fileID: 0}
  m_GameObject: {fileID: 1259455748093263814}
  m_LocalRotation: {x: 0, y: 0, z: 0, w: 1}
  m_LocalPosition: {x: 0, y: 0, z: 0}
  m_LocalScale: {x: 1, y: 1, z: 1}
  m_Children: []
  m_Father: {fileID: 1325112611468383558}
  m_RootOrder: 0
  m_LocalEulerAnglesHint: {x: 0, y: 0, z: 0}
  m_AnchorMin: {x: 0, y: 0}
  m_AnchorMax: {x: 0, y: 0}
  m_AnchoredPosition: {x: 0, y: 0}
  m_SizeDelta: {x: 120, y: 150}
  m_Pivot: {x: 0.5, y: 0.5}
--- !u!222 &1326854260590275262
CanvasRenderer:
  m_ObjectHideFlags: 0
  m_CorrespondingSourceObject: {fileID: 0}
  m_PrefabInstance: {fileID: 0}
  m_PrefabAsset: {fileID: 0}
  m_GameObject: {fileID: 1259455748093263814}
  m_CullTransparentMesh: 0
--- !u!114 &1218433476512017004
MonoBehaviour:
  m_ObjectHideFlags: 0
  m_CorrespondingSourceObject: {fileID: 0}
  m_PrefabInstance: {fileID: 0}
  m_PrefabAsset: {fileID: 0}
  m_GameObject: {fileID: 1259455748093263814}
  m_Enabled: 1
  m_EditorHideFlags: 0
  m_Script: {fileID: -765806418, guid: f70555f144d8491a825f0804e09c671c, type: 3}
  m_Name: 
  m_EditorClassIdentifier: 
  m_Material: {fileID: 0}
  m_Color: {r: 1, g: 1, b: 1, a: 1}
  m_RaycastTarget: 0
  m_OnCullStateChanged:
    m_PersistentCalls:
      m_Calls: []
    m_TypeName: UnityEngine.UI.MaskableGraphic+CullStateChangedEvent, UnityEngine.UI,
      Version=1.0.0.0, Culture=neutral, PublicKeyToken=null
  m_Sprite: {fileID: 21300000, guid: 1411ad9b2451db34cbde2d7367324aab, type: 3}
  m_Type: 0
  m_PreserveAspect: 1
  m_FillCenter: 1
  m_FillMethod: 4
  m_FillAmount: 1
  m_FillClockwise: 1
  m_FillOrigin: 0
  m_UseSpriteMesh: 0
--- !u!1001 &3835069257080038349
PrefabInstance:
  m_ObjectHideFlags: 0
  serializedVersion: 2
  m_Modification:
    m_TransformParent: {fileID: 1325112611468383558}
    m_Modifications:
    - target: {fileID: 8185887306327756620, guid: 0c0a979ebc9327b439d849297e42ad64,
        type: 3}
      propertyPath: m_Name
      value: InputFieldCurso
      objectReference: {fileID: 0}
    - target: {fileID: 2382633593547799051, guid: 0c0a979ebc9327b439d849297e42ad64,
        type: 3}
      propertyPath: m_LocalPosition.x
      value: 0
      objectReference: {fileID: 0}
    - target: {fileID: 2382633593547799051, guid: 0c0a979ebc9327b439d849297e42ad64,
        type: 3}
      propertyPath: m_LocalPosition.y
      value: 0
      objectReference: {fileID: 0}
    - target: {fileID: 2382633593547799051, guid: 0c0a979ebc9327b439d849297e42ad64,
        type: 3}
      propertyPath: m_LocalPosition.z
      value: 0
      objectReference: {fileID: 0}
    - target: {fileID: 2382633593547799051, guid: 0c0a979ebc9327b439d849297e42ad64,
        type: 3}
      propertyPath: m_LocalRotation.x
      value: 0
      objectReference: {fileID: 0}
    - target: {fileID: 2382633593547799051, guid: 0c0a979ebc9327b439d849297e42ad64,
        type: 3}
      propertyPath: m_LocalRotation.y
      value: 0
      objectReference: {fileID: 0}
    - target: {fileID: 2382633593547799051, guid: 0c0a979ebc9327b439d849297e42ad64,
        type: 3}
      propertyPath: m_LocalRotation.z
      value: 0
      objectReference: {fileID: 0}
    - target: {fileID: 2382633593547799051, guid: 0c0a979ebc9327b439d849297e42ad64,
        type: 3}
      propertyPath: m_LocalRotation.w
      value: 1
      objectReference: {fileID: 0}
    - target: {fileID: 2382633593547799051, guid: 0c0a979ebc9327b439d849297e42ad64,
        type: 3}
      propertyPath: m_RootOrder
      value: 2
      objectReference: {fileID: 0}
    - target: {fileID: 2382633593547799051, guid: 0c0a979ebc9327b439d849297e42ad64,
        type: 3}
      propertyPath: m_LocalEulerAnglesHint.x
      value: 0
      objectReference: {fileID: 0}
    - target: {fileID: 2382633593547799051, guid: 0c0a979ebc9327b439d849297e42ad64,
        type: 3}
      propertyPath: m_LocalEulerAnglesHint.y
      value: 0
      objectReference: {fileID: 0}
    - target: {fileID: 2382633593547799051, guid: 0c0a979ebc9327b439d849297e42ad64,
        type: 3}
      propertyPath: m_LocalEulerAnglesHint.z
      value: 0
      objectReference: {fileID: 0}
    - target: {fileID: 2382633593547799051, guid: 0c0a979ebc9327b439d849297e42ad64,
        type: 3}
      propertyPath: m_AnchoredPosition.x
      value: 0
      objectReference: {fileID: 0}
    - target: {fileID: 2382633593547799051, guid: 0c0a979ebc9327b439d849297e42ad64,
        type: 3}
      propertyPath: m_AnchoredPosition.y
      value: 0
      objectReference: {fileID: 0}
    - target: {fileID: 2382633593547799051, guid: 0c0a979ebc9327b439d849297e42ad64,
        type: 3}
      propertyPath: m_SizeDelta.x
      value: 100
      objectReference: {fileID: 0}
    - target: {fileID: 2382633593547799051, guid: 0c0a979ebc9327b439d849297e42ad64,
        type: 3}
      propertyPath: m_SizeDelta.y
      value: 80
      objectReference: {fileID: 0}
    - target: {fileID: 2382633593547799051, guid: 0c0a979ebc9327b439d849297e42ad64,
        type: 3}
      propertyPath: m_AnchorMin.x
      value: 0
      objectReference: {fileID: 0}
    - target: {fileID: 2382633593547799051, guid: 0c0a979ebc9327b439d849297e42ad64,
        type: 3}
      propertyPath: m_AnchorMin.y
      value: 0
      objectReference: {fileID: 0}
    - target: {fileID: 2382633593547799051, guid: 0c0a979ebc9327b439d849297e42ad64,
        type: 3}
      propertyPath: m_AnchorMax.x
      value: 0
      objectReference: {fileID: 0}
    - target: {fileID: 2382633593547799051, guid: 0c0a979ebc9327b439d849297e42ad64,
        type: 3}
      propertyPath: m_AnchorMax.y
      value: 0
      objectReference: {fileID: 0}
    - target: {fileID: 2382633593547799051, guid: 0c0a979ebc9327b439d849297e42ad64,
        type: 3}
      propertyPath: m_Pivot.x
      value: 0.5
      objectReference: {fileID: 0}
    - target: {fileID: 2382633593547799051, guid: 0c0a979ebc9327b439d849297e42ad64,
        type: 3}
      propertyPath: m_Pivot.y
      value: 0.5
      objectReference: {fileID: 0}
    - target: {fileID: 2668552224030619481, guid: 0c0a979ebc9327b439d849297e42ad64,
        type: 3}
      propertyPath: m_text
      value: Curso...
      objectReference: {fileID: 0}
    - target: {fileID: 2668552224030619481, guid: 0c0a979ebc9327b439d849297e42ad64,
        type: 3}
      propertyPath: m_textInfo.characterCount
      value: 8
      objectReference: {fileID: 0}
    - target: {fileID: 8993469514242461360, guid: 0c0a979ebc9327b439d849297e42ad64,
        type: 3}
      propertyPath: m_Name
      value: InputFieldCurso
      objectReference: {fileID: 0}
    - target: {fileID: 7259141864610929152, guid: 0c0a979ebc9327b439d849297e42ad64,
        type: 3}
      propertyPath: m_Name
      value: PlaceholderCurso
      objectReference: {fileID: 0}
    - target: {fileID: 1119347958793321424, guid: 0c0a979ebc9327b439d849297e42ad64,
        type: 3}
      propertyPath: m_Name
      value: TextCursologuin
      objectReference: {fileID: 0}
    - target: {fileID: 6792484225604103574, guid: 0c0a979ebc9327b439d849297e42ad64,
        type: 3}
      propertyPath: m_text
      value: Curso
      objectReference: {fileID: 0}
    - target: {fileID: 6792484225604103574, guid: 0c0a979ebc9327b439d849297e42ad64,
        type: 3}
      propertyPath: m_textInfo.characterCount
      value: 5
      objectReference: {fileID: 0}
    m_RemovedComponents: []
  m_SourcePrefab: {fileID: 100100000, guid: 0c0a979ebc9327b439d849297e42ad64, type: 3}
--- !u!224 &1452471948760242630 stripped
RectTransform:
  m_CorrespondingSourceObject: {fileID: 2382633593547799051, guid: 0c0a979ebc9327b439d849297e42ad64,
    type: 3}
  m_PrefabInstance: {fileID: 3835069257080038349}
  m_PrefabAsset: {fileID: 0}
--- !u!114 &320428057315355723 stripped
MonoBehaviour:
  m_CorrespondingSourceObject: {fileID: 3551797170151575430, guid: 0c0a979ebc9327b439d849297e42ad64,
    type: 3}
  m_PrefabInstance: {fileID: 3835069257080038349}
  m_PrefabAsset: {fileID: 0}
  m_GameObject: {fileID: 0}
  m_Enabled: 1
  m_EditorHideFlags: 0
  m_Script: {fileID: 11500000, guid: 2da0c512f12947e489f739169773d7ca, type: 3}
  m_Name: 
  m_EditorClassIdentifier: 
--- !u!1001 &4895375783002677153
PrefabInstance:
  m_ObjectHideFlags: 0
  serializedVersion: 2
  m_Modification:
    m_TransformParent: {fileID: 1324803239828340966}
    m_Modifications:
    - target: {fileID: 5950498107782074715, guid: 160f93505d357b94f8f8d93252f785b7,
        type: 3}
      propertyPath: m_Name
      value: ImageCabecera
      objectReference: {fileID: 0}
    - target: {fileID: 5876103708440103463, guid: 160f93505d357b94f8f8d93252f785b7,
        type: 3}
      propertyPath: m_LocalPosition.x
      value: 0
      objectReference: {fileID: 0}
    - target: {fileID: 5876103708440103463, guid: 160f93505d357b94f8f8d93252f785b7,
        type: 3}
      propertyPath: m_LocalPosition.y
      value: 0
      objectReference: {fileID: 0}
    - target: {fileID: 5876103708440103463, guid: 160f93505d357b94f8f8d93252f785b7,
        type: 3}
      propertyPath: m_LocalPosition.z
      value: 0
      objectReference: {fileID: 0}
    - target: {fileID: 5876103708440103463, guid: 160f93505d357b94f8f8d93252f785b7,
        type: 3}
      propertyPath: m_LocalRotation.x
      value: 0
      objectReference: {fileID: 0}
    - target: {fileID: 5876103708440103463, guid: 160f93505d357b94f8f8d93252f785b7,
        type: 3}
      propertyPath: m_LocalRotation.y
      value: 0
      objectReference: {fileID: 0}
    - target: {fileID: 5876103708440103463, guid: 160f93505d357b94f8f8d93252f785b7,
        type: 3}
      propertyPath: m_LocalRotation.z
      value: 0
      objectReference: {fileID: 0}
    - target: {fileID: 5876103708440103463, guid: 160f93505d357b94f8f8d93252f785b7,
        type: 3}
      propertyPath: m_LocalRotation.w
      value: 1
      objectReference: {fileID: 0}
    - target: {fileID: 5876103708440103463, guid: 160f93505d357b94f8f8d93252f785b7,
        type: 3}
      propertyPath: m_RootOrder
      value: 0
      objectReference: {fileID: 0}
    - target: {fileID: 5876103708440103463, guid: 160f93505d357b94f8f8d93252f785b7,
        type: 3}
      propertyPath: m_LocalEulerAnglesHint.x
      value: 0
      objectReference: {fileID: 0}
    - target: {fileID: 5876103708440103463, guid: 160f93505d357b94f8f8d93252f785b7,
        type: 3}
      propertyPath: m_LocalEulerAnglesHint.y
      value: 0
      objectReference: {fileID: 0}
    - target: {fileID: 5876103708440103463, guid: 160f93505d357b94f8f8d93252f785b7,
        type: 3}
      propertyPath: m_LocalEulerAnglesHint.z
      value: 0
      objectReference: {fileID: 0}
    - target: {fileID: 5876103708440103463, guid: 160f93505d357b94f8f8d93252f785b7,
        type: 3}
      propertyPath: m_AnchoredPosition.x
      value: 0
      objectReference: {fileID: 0}
    - target: {fileID: 5876103708440103463, guid: 160f93505d357b94f8f8d93252f785b7,
        type: 3}
      propertyPath: m_AnchoredPosition.y
      value: 0
      objectReference: {fileID: 0}
    - target: {fileID: 5876103708440103463, guid: 160f93505d357b94f8f8d93252f785b7,
        type: 3}
      propertyPath: m_SizeDelta.x
      value: 0
      objectReference: {fileID: 0}
    - target: {fileID: 5876103708440103463, guid: 160f93505d357b94f8f8d93252f785b7,
        type: 3}
      propertyPath: m_SizeDelta.y
      value: 114
      objectReference: {fileID: 0}
    - target: {fileID: 5876103708440103463, guid: 160f93505d357b94f8f8d93252f785b7,
        type: 3}
      propertyPath: m_AnchorMin.x
      value: -0.03
      objectReference: {fileID: 0}
    - target: {fileID: 5876103708440103463, guid: 160f93505d357b94f8f8d93252f785b7,
        type: 3}
      propertyPath: m_AnchorMin.y
      value: 0.98
      objectReference: {fileID: 0}
    - target: {fileID: 5876103708440103463, guid: 160f93505d357b94f8f8d93252f785b7,
        type: 3}
      propertyPath: m_AnchorMax.x
      value: 0.91
      objectReference: {fileID: 0}
    - target: {fileID: 5876103708440103463, guid: 160f93505d357b94f8f8d93252f785b7,
        type: 3}
      propertyPath: m_AnchorMax.y
      value: 0.98
      objectReference: {fileID: 0}
    - target: {fileID: 5876103708440103463, guid: 160f93505d357b94f8f8d93252f785b7,
        type: 3}
      propertyPath: m_Pivot.x
      value: 0.5
      objectReference: {fileID: 0}
    - target: {fileID: 5876103708440103463, guid: 160f93505d357b94f8f8d93252f785b7,
        type: 3}
      propertyPath: m_Pivot.y
      value: 0.5
      objectReference: {fileID: 0}
    m_RemovedComponents: []
  m_SourcePrefab: {fileID: 100100000, guid: 160f93505d357b94f8f8d93252f785b7, type: 3}
--- !u!224 &1325117562106746246 stripped
RectTransform:
  m_CorrespondingSourceObject: {fileID: 5876103708440103463, guid: 160f93505d357b94f8f8d93252f785b7,
    type: 3}
  m_PrefabInstance: {fileID: 4895375783002677153}
  m_PrefabAsset: {fileID: 0}
--- !u!1001 &7339964209519523424
PrefabInstance:
  m_ObjectHideFlags: 0
  serializedVersion: 2
  m_Modification:
    m_TransformParent: {fileID: 1325112611468383558}
    m_Modifications:
    - target: {fileID: 8185887306327756620, guid: 0c0a979ebc9327b439d849297e42ad64,
        type: 3}
      propertyPath: m_Name
      value: InputFieldIDCurso
      objectReference: {fileID: 0}
    - target: {fileID: 2382633593547799051, guid: 0c0a979ebc9327b439d849297e42ad64,
        type: 3}
      propertyPath: m_LocalPosition.x
      value: 0
      objectReference: {fileID: 0}
    - target: {fileID: 2382633593547799051, guid: 0c0a979ebc9327b439d849297e42ad64,
        type: 3}
      propertyPath: m_LocalPosition.y
      value: 0
      objectReference: {fileID: 0}
    - target: {fileID: 2382633593547799051, guid: 0c0a979ebc9327b439d849297e42ad64,
        type: 3}
      propertyPath: m_LocalPosition.z
      value: 0
      objectReference: {fileID: 0}
    - target: {fileID: 2382633593547799051, guid: 0c0a979ebc9327b439d849297e42ad64,
        type: 3}
      propertyPath: m_LocalRotation.x
      value: 0
      objectReference: {fileID: 0}
    - target: {fileID: 2382633593547799051, guid: 0c0a979ebc9327b439d849297e42ad64,
        type: 3}
      propertyPath: m_LocalRotation.y
      value: 0
      objectReference: {fileID: 0}
    - target: {fileID: 2382633593547799051, guid: 0c0a979ebc9327b439d849297e42ad64,
        type: 3}
      propertyPath: m_LocalRotation.z
      value: 0
      objectReference: {fileID: 0}
    - target: {fileID: 2382633593547799051, guid: 0c0a979ebc9327b439d849297e42ad64,
        type: 3}
      propertyPath: m_LocalRotation.w
      value: 1
      objectReference: {fileID: 0}
    - target: {fileID: 2382633593547799051, guid: 0c0a979ebc9327b439d849297e42ad64,
        type: 3}
      propertyPath: m_RootOrder
      value: 3
      objectReference: {fileID: 0}
    - target: {fileID: 2382633593547799051, guid: 0c0a979ebc9327b439d849297e42ad64,
        type: 3}
      propertyPath: m_LocalEulerAnglesHint.x
      value: 0
      objectReference: {fileID: 0}
    - target: {fileID: 2382633593547799051, guid: 0c0a979ebc9327b439d849297e42ad64,
        type: 3}
      propertyPath: m_LocalEulerAnglesHint.y
      value: 0
      objectReference: {fileID: 0}
    - target: {fileID: 2382633593547799051, guid: 0c0a979ebc9327b439d849297e42ad64,
        type: 3}
      propertyPath: m_LocalEulerAnglesHint.z
      value: 0
      objectReference: {fileID: 0}
    - target: {fileID: 2382633593547799051, guid: 0c0a979ebc9327b439d849297e42ad64,
        type: 3}
      propertyPath: m_AnchoredPosition.x
      value: 0
      objectReference: {fileID: 0}
    - target: {fileID: 2382633593547799051, guid: 0c0a979ebc9327b439d849297e42ad64,
        type: 3}
      propertyPath: m_AnchoredPosition.y
      value: 0
      objectReference: {fileID: 0}
    - target: {fileID: 2382633593547799051, guid: 0c0a979ebc9327b439d849297e42ad64,
        type: 3}
      propertyPath: m_SizeDelta.x
      value: 100
      objectReference: {fileID: 0}
    - target: {fileID: 2382633593547799051, guid: 0c0a979ebc9327b439d849297e42ad64,
        type: 3}
      propertyPath: m_SizeDelta.y
      value: 80
      objectReference: {fileID: 0}
    - target: {fileID: 2382633593547799051, guid: 0c0a979ebc9327b439d849297e42ad64,
        type: 3}
      propertyPath: m_AnchorMin.x
      value: 0
      objectReference: {fileID: 0}
    - target: {fileID: 2382633593547799051, guid: 0c0a979ebc9327b439d849297e42ad64,
        type: 3}
      propertyPath: m_AnchorMin.y
      value: 0
      objectReference: {fileID: 0}
    - target: {fileID: 2382633593547799051, guid: 0c0a979ebc9327b439d849297e42ad64,
        type: 3}
      propertyPath: m_AnchorMax.x
      value: 0
      objectReference: {fileID: 0}
    - target: {fileID: 2382633593547799051, guid: 0c0a979ebc9327b439d849297e42ad64,
        type: 3}
      propertyPath: m_AnchorMax.y
      value: 0
      objectReference: {fileID: 0}
    - target: {fileID: 2382633593547799051, guid: 0c0a979ebc9327b439d849297e42ad64,
        type: 3}
      propertyPath: m_Pivot.x
      value: 0.5
      objectReference: {fileID: 0}
    - target: {fileID: 2382633593547799051, guid: 0c0a979ebc9327b439d849297e42ad64,
        type: 3}
      propertyPath: m_Pivot.y
      value: 0.5
      objectReference: {fileID: 0}
    - target: {fileID: 3551797170151575430, guid: 0c0a979ebc9327b439d849297e42ad64,
        type: 3}
      propertyPath: m_OnEndEdit.m_PersistentCalls.m_Calls.Array.size
      value: 1
      objectReference: {fileID: 0}
    - target: {fileID: 3551797170151575430, guid: 0c0a979ebc9327b439d849297e42ad64,
        type: 3}
      propertyPath: m_OnEndEdit.m_PersistentCalls.m_Calls.Array.data[0].m_Target
      value: 
      objectReference: {fileID: 11400000, guid: b7bf4af24e1a0094881782249113c590,
        type: 2}
    - target: {fileID: 3551797170151575430, guid: 0c0a979ebc9327b439d849297e42ad64,
        type: 3}
      propertyPath: m_OnEndEdit.m_PersistentCalls.m_Calls.Array.data[0].m_MethodName
      value: set_AulaClassId
      objectReference: {fileID: 0}
    - target: {fileID: 3551797170151575430, guid: 0c0a979ebc9327b439d849297e42ad64,
        type: 3}
      propertyPath: m_OnEndEdit.m_PersistentCalls.m_Calls.Array.data[0].m_Arguments.m_ObjectArgumentAssemblyTypeName
      value: UnityEngine.Object, UnityEngine
      objectReference: {fileID: 0}
    - target: {fileID: 3551797170151575430, guid: 0c0a979ebc9327b439d849297e42ad64,
        type: 3}
      propertyPath: m_OnEndEdit.m_PersistentCalls.m_Calls.Array.data[0].m_CallState
      value: 2
      objectReference: {fileID: 0}
    - target: {fileID: 2668552224030619481, guid: 0c0a979ebc9327b439d849297e42ad64,
        type: 3}
      propertyPath: m_text
      value: ID Curso...
      objectReference: {fileID: 0}
    - target: {fileID: 2668552224030619481, guid: 0c0a979ebc9327b439d849297e42ad64,
        type: 3}
      propertyPath: m_textInfo.characterCount
      value: 11
      objectReference: {fileID: 0}
    - target: {fileID: 2668552224030619481, guid: 0c0a979ebc9327b439d849297e42ad64,
        type: 3}
      propertyPath: m_textInfo.spaceCount
      value: 1
      objectReference: {fileID: 0}
    - target: {fileID: 2668552224030619481, guid: 0c0a979ebc9327b439d849297e42ad64,
        type: 3}
      propertyPath: m_textInfo.wordCount
      value: 2
      objectReference: {fileID: 0}
    - target: {fileID: 8993469514242461360, guid: 0c0a979ebc9327b439d849297e42ad64,
        type: 3}
      propertyPath: m_Name
      value: InputFieldIDCurso
      objectReference: {fileID: 0}
    - target: {fileID: 7259141864610929152, guid: 0c0a979ebc9327b439d849297e42ad64,
        type: 3}
      propertyPath: m_Name
      value: PlaceholderIDCurso
      objectReference: {fileID: 0}
    - target: {fileID: 1119347958793321424, guid: 0c0a979ebc9327b439d849297e42ad64,
        type: 3}
      propertyPath: m_Name
      value: TextIDCursologuin
      objectReference: {fileID: 0}
    - target: {fileID: 6792484225604103574, guid: 0c0a979ebc9327b439d849297e42ad64,
        type: 3}
      propertyPath: m_text
      value: ID Curso
      objectReference: {fileID: 0}
    - target: {fileID: 6792484225604103574, guid: 0c0a979ebc9327b439d849297e42ad64,
        type: 3}
      propertyPath: m_textInfo.characterCount
      value: 8
      objectReference: {fileID: 0}
    - target: {fileID: 6792484225604103574, guid: 0c0a979ebc9327b439d849297e42ad64,
        type: 3}
      propertyPath: m_textInfo.spaceCount
      value: 1
      objectReference: {fileID: 0}
    - target: {fileID: 6792484225604103574, guid: 0c0a979ebc9327b439d849297e42ad64,
        type: 3}
      propertyPath: m_textInfo.wordCount
      value: 2
      objectReference: {fileID: 0}
    m_RemovedComponents: []
  m_SourcePrefab: {fileID: 100100000, guid: 0c0a979ebc9327b439d849297e42ad64, type: 3}
--- !u!224 &4957366076329020523 stripped
RectTransform:
  m_CorrespondingSourceObject: {fileID: 2382633593547799051, guid: 0c0a979ebc9327b439d849297e42ad64,
    type: 3}
  m_PrefabInstance: {fileID: 7339964209519523424}
  m_PrefabAsset: {fileID: 0}
--- !u!114 &6095145156932188646 stripped
MonoBehaviour:
  m_CorrespondingSourceObject: {fileID: 3551797170151575430, guid: 0c0a979ebc9327b439d849297e42ad64,
    type: 3}
  m_PrefabInstance: {fileID: 7339964209519523424}
  m_PrefabAsset: {fileID: 0}
  m_GameObject: {fileID: 0}
  m_Enabled: 1
  m_EditorHideFlags: 0
  m_Script: {fileID: 11500000, guid: 2da0c512f12947e489f739169773d7ca, type: 3}
  m_Name: 
  m_EditorClassIdentifier: 
--- !u!1001 &8408931322944186364
PrefabInstance:
  m_ObjectHideFlags: 0
  serializedVersion: 2
  m_Modification:
    m_TransformParent: {fileID: 1325112611468383558}
    m_Modifications:
    - target: {fileID: 8185887306327756620, guid: 0c0a979ebc9327b439d849297e42ad64,
        type: 3}
      propertyPath: m_Name
      value: InputFieldInstitucion
      objectReference: {fileID: 0}
    - target: {fileID: 2382633593547799051, guid: 0c0a979ebc9327b439d849297e42ad64,
        type: 3}
      propertyPath: m_LocalPosition.x
      value: 0
      objectReference: {fileID: 0}
    - target: {fileID: 2382633593547799051, guid: 0c0a979ebc9327b439d849297e42ad64,
        type: 3}
      propertyPath: m_LocalPosition.y
      value: 0
      objectReference: {fileID: 0}
    - target: {fileID: 2382633593547799051, guid: 0c0a979ebc9327b439d849297e42ad64,
        type: 3}
      propertyPath: m_LocalPosition.z
      value: 0
      objectReference: {fileID: 0}
    - target: {fileID: 2382633593547799051, guid: 0c0a979ebc9327b439d849297e42ad64,
        type: 3}
      propertyPath: m_LocalRotation.x
      value: 0
      objectReference: {fileID: 0}
    - target: {fileID: 2382633593547799051, guid: 0c0a979ebc9327b439d849297e42ad64,
        type: 3}
      propertyPath: m_LocalRotation.y
      value: 0
      objectReference: {fileID: 0}
    - target: {fileID: 2382633593547799051, guid: 0c0a979ebc9327b439d849297e42ad64,
        type: 3}
      propertyPath: m_LocalRotation.z
      value: 0
      objectReference: {fileID: 0}
    - target: {fileID: 2382633593547799051, guid: 0c0a979ebc9327b439d849297e42ad64,
        type: 3}
      propertyPath: m_LocalRotation.w
      value: 1
      objectReference: {fileID: 0}
    - target: {fileID: 2382633593547799051, guid: 0c0a979ebc9327b439d849297e42ad64,
        type: 3}
      propertyPath: m_RootOrder
      value: 4
      objectReference: {fileID: 0}
    - target: {fileID: 2382633593547799051, guid: 0c0a979ebc9327b439d849297e42ad64,
        type: 3}
      propertyPath: m_LocalEulerAnglesHint.x
      value: 0
      objectReference: {fileID: 0}
    - target: {fileID: 2382633593547799051, guid: 0c0a979ebc9327b439d849297e42ad64,
        type: 3}
      propertyPath: m_LocalEulerAnglesHint.y
      value: 0
      objectReference: {fileID: 0}
    - target: {fileID: 2382633593547799051, guid: 0c0a979ebc9327b439d849297e42ad64,
        type: 3}
      propertyPath: m_LocalEulerAnglesHint.z
      value: 0
      objectReference: {fileID: 0}
    - target: {fileID: 2382633593547799051, guid: 0c0a979ebc9327b439d849297e42ad64,
        type: 3}
      propertyPath: m_AnchoredPosition.x
      value: 0
      objectReference: {fileID: 0}
    - target: {fileID: 2382633593547799051, guid: 0c0a979ebc9327b439d849297e42ad64,
        type: 3}
      propertyPath: m_AnchoredPosition.y
      value: 0
      objectReference: {fileID: 0}
    - target: {fileID: 2382633593547799051, guid: 0c0a979ebc9327b439d849297e42ad64,
        type: 3}
      propertyPath: m_SizeDelta.x
      value: 100
      objectReference: {fileID: 0}
    - target: {fileID: 2382633593547799051, guid: 0c0a979ebc9327b439d849297e42ad64,
        type: 3}
      propertyPath: m_SizeDelta.y
      value: 80
      objectReference: {fileID: 0}
    - target: {fileID: 2382633593547799051, guid: 0c0a979ebc9327b439d849297e42ad64,
        type: 3}
      propertyPath: m_AnchorMin.x
      value: 0
      objectReference: {fileID: 0}
    - target: {fileID: 2382633593547799051, guid: 0c0a979ebc9327b439d849297e42ad64,
        type: 3}
      propertyPath: m_AnchorMin.y
      value: 0
      objectReference: {fileID: 0}
    - target: {fileID: 2382633593547799051, guid: 0c0a979ebc9327b439d849297e42ad64,
        type: 3}
      propertyPath: m_AnchorMax.x
      value: 0
      objectReference: {fileID: 0}
    - target: {fileID: 2382633593547799051, guid: 0c0a979ebc9327b439d849297e42ad64,
        type: 3}
      propertyPath: m_AnchorMax.y
      value: 0
      objectReference: {fileID: 0}
    - target: {fileID: 2382633593547799051, guid: 0c0a979ebc9327b439d849297e42ad64,
        type: 3}
      propertyPath: m_Pivot.x
      value: 0.5
      objectReference: {fileID: 0}
    - target: {fileID: 2382633593547799051, guid: 0c0a979ebc9327b439d849297e42ad64,
        type: 3}
      propertyPath: m_Pivot.y
      value: 0.5
      objectReference: {fileID: 0}
    - target: {fileID: 3551797170151575430, guid: 0c0a979ebc9327b439d849297e42ad64,
        type: 3}
      propertyPath: m_OnEndEdit.m_PersistentCalls.m_Calls.Array.size
      value: 1
      objectReference: {fileID: 0}
    - target: {fileID: 3551797170151575430, guid: 0c0a979ebc9327b439d849297e42ad64,
        type: 3}
      propertyPath: m_OnEndEdit.m_PersistentCalls.m_Calls.Array.data[0].m_Target
      value: 
      objectReference: {fileID: 11400000, guid: b7bf4af24e1a0094881782249113c590,
        type: 2}
    - target: {fileID: 3551797170151575430, guid: 0c0a979ebc9327b439d849297e42ad64,
        type: 3}
      propertyPath: m_OnEndEdit.m_PersistentCalls.m_Calls.Array.data[0].m_MethodName
      value: set_AulaSchoolName
      objectReference: {fileID: 0}
    - target: {fileID: 3551797170151575430, guid: 0c0a979ebc9327b439d849297e42ad64,
        type: 3}
      propertyPath: m_OnEndEdit.m_PersistentCalls.m_Calls.Array.data[0].m_Arguments.m_ObjectArgumentAssemblyTypeName
      value: UnityEngine.Object, UnityEngine
      objectReference: {fileID: 0}
    - target: {fileID: 3551797170151575430, guid: 0c0a979ebc9327b439d849297e42ad64,
        type: 3}
      propertyPath: m_OnEndEdit.m_PersistentCalls.m_Calls.Array.data[0].m_CallState
      value: 2
      objectReference: {fileID: 0}
    - target: {fileID: 2668552224030619481, guid: 0c0a979ebc9327b439d849297e42ad64,
        type: 3}
      propertyPath: m_text
      value: Institucion...
      objectReference: {fileID: 0}
    - target: {fileID: 2668552224030619481, guid: 0c0a979ebc9327b439d849297e42ad64,
        type: 3}
      propertyPath: m_textInfo.characterCount
      value: 14
      objectReference: {fileID: 0}
    - target: {fileID: 8993469514242461360, guid: 0c0a979ebc9327b439d849297e42ad64,
        type: 3}
      propertyPath: m_Name
      value: InputFieldInstitucion
      objectReference: {fileID: 0}
    - target: {fileID: 7259141864610929152, guid: 0c0a979ebc9327b439d849297e42ad64,
        type: 3}
      propertyPath: m_Name
      value: PlaceholderInstitucion
      objectReference: {fileID: 0}
    - target: {fileID: 1119347958793321424, guid: 0c0a979ebc9327b439d849297e42ad64,
        type: 3}
      propertyPath: m_Name
      value: TextInstitucionloguin
      objectReference: {fileID: 0}
    - target: {fileID: 6792484225604103574, guid: 0c0a979ebc9327b439d849297e42ad64,
        type: 3}
      propertyPath: m_text
      value: Institucion
      objectReference: {fileID: 0}
    - target: {fileID: 6792484225604103574, guid: 0c0a979ebc9327b439d849297e42ad64,
        type: 3}
      propertyPath: m_textInfo.characterCount
      value: 11
      objectReference: {fileID: 0}
    m_RemovedComponents: []
  m_SourcePrefab: {fileID: 100100000, guid: 0c0a979ebc9327b439d849297e42ad64, type: 3}
--- !u!224 &6170589948549946871 stripped
RectTransform:
  m_CorrespondingSourceObject: {fileID: 2382633593547799051, guid: 0c0a979ebc9327b439d849297e42ad64,
    type: 3}
  m_PrefabInstance: {fileID: 8408931322944186364}
  m_PrefabAsset: {fileID: 0}
--- !u!114 &5041782845650053242 stripped
MonoBehaviour:
  m_CorrespondingSourceObject: {fileID: 3551797170151575430, guid: 0c0a979ebc9327b439d849297e42ad64,
    type: 3}
  m_PrefabInstance: {fileID: 8408931322944186364}
  m_PrefabAsset: {fileID: 0}
  m_GameObject: {fileID: 0}
  m_Enabled: 1
  m_EditorHideFlags: 0
  m_Script: {fileID: 11500000, guid: 2da0c512f12947e489f739169773d7ca, type: 3}
  m_Name: 
  m_EditorClassIdentifier: 
--- !u!1001 &8851834470273325308
PrefabInstance:
  m_ObjectHideFlags: 0
  serializedVersion: 2
  m_Modification:
    m_TransformParent: {fileID: 1325112611468383558}
    m_Modifications:
    - target: {fileID: 8185887306327756620, guid: 0c0a979ebc9327b439d849297e42ad64,
        type: 3}
      propertyPath: m_Name
      value: InputFieldUsuario
      objectReference: {fileID: 0}
    - target: {fileID: 2382633593547799051, guid: 0c0a979ebc9327b439d849297e42ad64,
        type: 3}
      propertyPath: m_LocalPosition.x
      value: 0
      objectReference: {fileID: 0}
    - target: {fileID: 2382633593547799051, guid: 0c0a979ebc9327b439d849297e42ad64,
        type: 3}
      propertyPath: m_LocalPosition.y
      value: 0
      objectReference: {fileID: 0}
    - target: {fileID: 2382633593547799051, guid: 0c0a979ebc9327b439d849297e42ad64,
        type: 3}
      propertyPath: m_LocalPosition.z
      value: 0
      objectReference: {fileID: 0}
    - target: {fileID: 2382633593547799051, guid: 0c0a979ebc9327b439d849297e42ad64,
        type: 3}
      propertyPath: m_LocalRotation.x
      value: 0
      objectReference: {fileID: 0}
    - target: {fileID: 2382633593547799051, guid: 0c0a979ebc9327b439d849297e42ad64,
        type: 3}
      propertyPath: m_LocalRotation.y
      value: 0
      objectReference: {fileID: 0}
    - target: {fileID: 2382633593547799051, guid: 0c0a979ebc9327b439d849297e42ad64,
        type: 3}
      propertyPath: m_LocalRotation.z
      value: 0
      objectReference: {fileID: 0}
    - target: {fileID: 2382633593547799051, guid: 0c0a979ebc9327b439d849297e42ad64,
        type: 3}
      propertyPath: m_LocalRotation.w
      value: 1
      objectReference: {fileID: 0}
    - target: {fileID: 2382633593547799051, guid: 0c0a979ebc9327b439d849297e42ad64,
        type: 3}
      propertyPath: m_RootOrder
      value: 1
      objectReference: {fileID: 0}
    - target: {fileID: 2382633593547799051, guid: 0c0a979ebc9327b439d849297e42ad64,
        type: 3}
      propertyPath: m_LocalEulerAnglesHint.x
      value: 0
      objectReference: {fileID: 0}
    - target: {fileID: 2382633593547799051, guid: 0c0a979ebc9327b439d849297e42ad64,
        type: 3}
      propertyPath: m_LocalEulerAnglesHint.y
      value: 0
      objectReference: {fileID: 0}
    - target: {fileID: 2382633593547799051, guid: 0c0a979ebc9327b439d849297e42ad64,
        type: 3}
      propertyPath: m_LocalEulerAnglesHint.z
      value: 0
      objectReference: {fileID: 0}
    - target: {fileID: 2382633593547799051, guid: 0c0a979ebc9327b439d849297e42ad64,
        type: 3}
      propertyPath: m_AnchoredPosition.x
      value: 0
      objectReference: {fileID: 0}
    - target: {fileID: 2382633593547799051, guid: 0c0a979ebc9327b439d849297e42ad64,
        type: 3}
      propertyPath: m_AnchoredPosition.y
      value: 0
      objectReference: {fileID: 0}
    - target: {fileID: 2382633593547799051, guid: 0c0a979ebc9327b439d849297e42ad64,
        type: 3}
      propertyPath: m_SizeDelta.x
      value: 100
      objectReference: {fileID: 0}
    - target: {fileID: 2382633593547799051, guid: 0c0a979ebc9327b439d849297e42ad64,
        type: 3}
      propertyPath: m_SizeDelta.y
      value: 80
      objectReference: {fileID: 0}
    - target: {fileID: 2382633593547799051, guid: 0c0a979ebc9327b439d849297e42ad64,
        type: 3}
      propertyPath: m_AnchorMin.x
      value: 0
      objectReference: {fileID: 0}
    - target: {fileID: 2382633593547799051, guid: 0c0a979ebc9327b439d849297e42ad64,
        type: 3}
      propertyPath: m_AnchorMin.y
      value: 0
      objectReference: {fileID: 0}
    - target: {fileID: 2382633593547799051, guid: 0c0a979ebc9327b439d849297e42ad64,
        type: 3}
      propertyPath: m_AnchorMax.x
      value: 0
      objectReference: {fileID: 0}
    - target: {fileID: 2382633593547799051, guid: 0c0a979ebc9327b439d849297e42ad64,
        type: 3}
      propertyPath: m_AnchorMax.y
      value: 0
      objectReference: {fileID: 0}
    - target: {fileID: 2382633593547799051, guid: 0c0a979ebc9327b439d849297e42ad64,
        type: 3}
      propertyPath: m_Pivot.x
      value: 0.5
      objectReference: {fileID: 0}
    - target: {fileID: 2382633593547799051, guid: 0c0a979ebc9327b439d849297e42ad64,
        type: 3}
      propertyPath: m_Pivot.y
      value: 0.5
      objectReference: {fileID: 0}
    - target: {fileID: 3551797170151575430, guid: 0c0a979ebc9327b439d849297e42ad64,
        type: 3}
      propertyPath: m_OnEndEdit.m_PersistentCalls.m_Calls.Array.size
      value: 2
      objectReference: {fileID: 0}
    - target: {fileID: 3551797170151575430, guid: 0c0a979ebc9327b439d849297e42ad64,
        type: 3}
      propertyPath: m_OnEndEdit.m_PersistentCalls.m_Calls.Array.data[0].m_Target
      value: 
      objectReference: {fileID: 11400000, guid: b7bf4af24e1a0094881782249113c590,
        type: 2}
    - target: {fileID: 3551797170151575430, guid: 0c0a979ebc9327b439d849297e42ad64,
        type: 3}
      propertyPath: m_OnEndEdit.m_PersistentCalls.m_Calls.Array.data[0].m_MethodName
      value: set_AulaUserFirstName
      objectReference: {fileID: 0}
    - target: {fileID: 3551797170151575430, guid: 0c0a979ebc9327b439d849297e42ad64,
        type: 3}
      propertyPath: m_OnEndEdit.m_PersistentCalls.m_Calls.Array.data[0].m_Arguments.m_ObjectArgumentAssemblyTypeName
      value: UnityEngine.Object, UnityEngine
      objectReference: {fileID: 0}
    - target: {fileID: 3551797170151575430, guid: 0c0a979ebc9327b439d849297e42ad64,
        type: 3}
      propertyPath: m_OnEndEdit.m_PersistentCalls.m_Calls.Array.data[0].m_CallState
      value: 2
      objectReference: {fileID: 0}
    - target: {fileID: 3551797170151575430, guid: 0c0a979ebc9327b439d849297e42ad64,
        type: 3}
      propertyPath: m_OnEndEdit.m_PersistentCalls.m_Calls.Array.data[1].m_Target
      value: 
      objectReference: {fileID: 11400000, guid: b7bf4af24e1a0094881782249113c590,
        type: 2}
    - target: {fileID: 3551797170151575430, guid: 0c0a979ebc9327b439d849297e42ad64,
        type: 3}
      propertyPath: m_OnEndEdit.m_PersistentCalls.m_Calls.Array.data[1].m_MethodName
      value: set_InputUser
      objectReference: {fileID: 0}
    - target: {fileID: 3551797170151575430, guid: 0c0a979ebc9327b439d849297e42ad64,
        type: 3}
      propertyPath: m_OnEndEdit.m_PersistentCalls.m_Calls.Array.data[1].m_Arguments.m_ObjectArgumentAssemblyTypeName
      value: UnityEngine.Object, UnityEngine
      objectReference: {fileID: 0}
    - target: {fileID: 3551797170151575430, guid: 0c0a979ebc9327b439d849297e42ad64,
        type: 3}
      propertyPath: m_OnEndEdit.m_PersistentCalls.m_Calls.Array.data[1].m_CallState
      value: 2
      objectReference: {fileID: 0}
    - target: {fileID: 1119347958793321424, guid: 0c0a979ebc9327b439d849297e42ad64,
        type: 3}
      propertyPath: m_Name
      value: TextUsuariologuin
      objectReference: {fileID: 0}
    m_RemovedComponents: []
  m_SourcePrefab: {fileID: 100100000, guid: 0c0a979ebc9327b439d849297e42ad64, type: 3}
--- !u!224 &6613773736659591927 stripped
RectTransform:
  m_CorrespondingSourceObject: {fileID: 2382633593547799051, guid: 0c0a979ebc9327b439d849297e42ad64,
    type: 3}
  m_PrefabInstance: {fileID: 8851834470273325308}
  m_PrefabAsset: {fileID: 0}
--- !u!114 &5445569073640134522 stripped
MonoBehaviour:
  m_CorrespondingSourceObject: {fileID: 3551797170151575430, guid: 0c0a979ebc9327b439d849297e42ad64,
    type: 3}
  m_PrefabInstance: {fileID: 8851834470273325308}
  m_PrefabAsset: {fileID: 0}
  m_GameObject: {fileID: 0}
  m_Enabled: 1
  m_EditorHideFlags: 0
  m_Script: {fileID: 11500000, guid: 2da0c512f12947e489f739169773d7ca, type: 3}
  m_Name: 
  m_EditorClassIdentifier: 
--- !u!1001 &8991912442344671962
PrefabInstance:
  m_ObjectHideFlags: 0
  serializedVersion: 2
  m_Modification:
    m_TransformParent: {fileID: 1324803239828340966}
    m_Modifications:
    - target: {fileID: 7904753494986838526, guid: e367f04d310338a41877915eb82cf3c6,
        type: 3}
      propertyPath: m_Name
      value: ButtonIngresar
      objectReference: {fileID: 0}
    - target: {fileID: 7974596667547907564, guid: e367f04d310338a41877915eb82cf3c6,
        type: 3}
      propertyPath: m_LocalPosition.x
      value: 0
      objectReference: {fileID: 0}
    - target: {fileID: 7974596667547907564, guid: e367f04d310338a41877915eb82cf3c6,
        type: 3}
      propertyPath: m_LocalPosition.y
      value: 0
      objectReference: {fileID: 0}
    - target: {fileID: 7974596667547907564, guid: e367f04d310338a41877915eb82cf3c6,
        type: 3}
      propertyPath: m_LocalPosition.z
      value: 0
      objectReference: {fileID: 0}
    - target: {fileID: 7974596667547907564, guid: e367f04d310338a41877915eb82cf3c6,
        type: 3}
      propertyPath: m_LocalRotation.x
      value: 0
      objectReference: {fileID: 0}
    - target: {fileID: 7974596667547907564, guid: e367f04d310338a41877915eb82cf3c6,
        type: 3}
      propertyPath: m_LocalRotation.y
      value: 0
      objectReference: {fileID: 0}
    - target: {fileID: 7974596667547907564, guid: e367f04d310338a41877915eb82cf3c6,
        type: 3}
      propertyPath: m_LocalRotation.z
      value: 0
      objectReference: {fileID: 0}
    - target: {fileID: 7974596667547907564, guid: e367f04d310338a41877915eb82cf3c6,
        type: 3}
      propertyPath: m_LocalRotation.w
      value: 1
      objectReference: {fileID: 0}
    - target: {fileID: 7974596667547907564, guid: e367f04d310338a41877915eb82cf3c6,
        type: 3}
      propertyPath: m_RootOrder
      value: 2
      objectReference: {fileID: 0}
    - target: {fileID: 7974596667547907564, guid: e367f04d310338a41877915eb82cf3c6,
        type: 3}
      propertyPath: m_LocalEulerAnglesHint.x
      value: 0
      objectReference: {fileID: 0}
    - target: {fileID: 7974596667547907564, guid: e367f04d310338a41877915eb82cf3c6,
        type: 3}
      propertyPath: m_LocalEulerAnglesHint.y
      value: 0
      objectReference: {fileID: 0}
    - target: {fileID: 7974596667547907564, guid: e367f04d310338a41877915eb82cf3c6,
        type: 3}
      propertyPath: m_LocalEulerAnglesHint.z
      value: 0
      objectReference: {fileID: 0}
    - target: {fileID: 7974596667547907564, guid: e367f04d310338a41877915eb82cf3c6,
        type: 3}
      propertyPath: m_AnchoredPosition.x
      value: 0
      objectReference: {fileID: 0}
    - target: {fileID: 7974596667547907564, guid: e367f04d310338a41877915eb82cf3c6,
        type: 3}
      propertyPath: m_AnchoredPosition.y
      value: 10
      objectReference: {fileID: 0}
    - target: {fileID: 7974596667547907564, guid: e367f04d310338a41877915eb82cf3c6,
        type: 3}
      propertyPath: m_SizeDelta.x
      value: 270
      objectReference: {fileID: 0}
    - target: {fileID: 7974596667547907564, guid: e367f04d310338a41877915eb82cf3c6,
        type: 3}
      propertyPath: m_SizeDelta.y
      value: 101
      objectReference: {fileID: 0}
    - target: {fileID: 7974596667547907564, guid: e367f04d310338a41877915eb82cf3c6,
        type: 3}
      propertyPath: m_AnchorMin.x
      value: 0.5
      objectReference: {fileID: 0}
    - target: {fileID: 7974596667547907564, guid: e367f04d310338a41877915eb82cf3c6,
        type: 3}
      propertyPath: m_AnchorMin.y
      value: 0
      objectReference: {fileID: 0}
    - target: {fileID: 7974596667547907564, guid: e367f04d310338a41877915eb82cf3c6,
        type: 3}
      propertyPath: m_AnchorMax.x
      value: 0.5
      objectReference: {fileID: 0}
    - target: {fileID: 7974596667547907564, guid: e367f04d310338a41877915eb82cf3c6,
        type: 3}
      propertyPath: m_AnchorMax.y
      value: 0
      objectReference: {fileID: 0}
    - target: {fileID: 7974596667547907564, guid: e367f04d310338a41877915eb82cf3c6,
        type: 3}
      propertyPath: m_Pivot.x
      value: 0.5
      objectReference: {fileID: 0}
    - target: {fileID: 7974596667547907564, guid: e367f04d310338a41877915eb82cf3c6,
        type: 3}
      propertyPath: m_Pivot.y
      value: 0.5
      objectReference: {fileID: 0}
    - target: {fileID: 7791887505980922422, guid: e367f04d310338a41877915eb82cf3c6,
        type: 3}
      propertyPath: m_OnClick.m_PersistentCalls.m_Calls.Array.data[0].m_Target
      value: 
      objectReference: {fileID: 1217815331350603098}
    - target: {fileID: 7791887505980922422, guid: e367f04d310338a41877915eb82cf3c6,
        type: 3}
      propertyPath: m_OnClick.m_PersistentCalls.m_Calls.Array.data[0].m_MethodName
      value: ButtonLoginOffline
      objectReference: {fileID: 0}
    m_RemovedComponents: []
  m_SourcePrefab: {fileID: 100100000, guid: e367f04d310338a41877915eb82cf3c6, type: 3}
--- !u!224 &1324838751996378934 stripped
RectTransform:
  m_CorrespondingSourceObject: {fileID: 7974596667547907564, guid: e367f04d310338a41877915eb82cf3c6,
    type: 3}
  m_PrefabInstance: {fileID: 8991912442344671962}
  m_PrefabAsset: {fileID: 0}
